1648 2971
676 167 967 211 ...60-

137 276 353 331 tissimae,
384 277 576 322 'maxime
613 277 901 330 universales,
942 288 1023 338 per
1056 277 1201 321 omnia
1229 281 1505 335 pertinentem

139 350 304 411 quibus
345 355 472 411 quasi
507 354 688 398 summis
722 352 898 398 arbitris
938 353 1079 396 omnis
1113 351 1286 401 realitas,
1315 350 1508 400 obnoxia

135 431 213 482 sit,
256 440 459 487 quaeque
485 429 531 473 in
561 428 642 474 hac
669 436 881 488 potestate
909 429 1051 475 varias
1089 429 1235 475 ineant
1263 426 1506 483 relationes,

135 517 323 563 quarum
350 502 464 549 adeo
496 518 584 549 una
612 519 697 564 pro
735 518 813 549 sua
841 509 996 549 natura
1033 505 1175 549 omnis
1202 504 1421 549 varietatis
1450 504 1506 548 sit

132 578 484 631 fundamentum3
543 592 602 624 ne
655 581 730 624 has
776 579 955 636 quidem
997 579 1111 625 ultra
1154 581 1343 625 Unitatis
1390 578 1503 624 fines

131 654 320 713 evagari.

249 751 364 795 Nam
379 752 627 796 Discrimen
656 764 837 810 quoque
863 755 909 796 in
936 753 1163 811 primariae
1193 766 1296 797 suae
1324 758 1504 796 naturae

131 828 296 872 unitate
325 834 491 884 manet3
527 826 696 873 firmam
727 826 987 873 discriminis
1016 830 1239 874 notionem
1270 834 1411 872 servat
1439 830 1505 885 ip·

128 904 312 961 sinsque
342 904 530 949 essentia
561 901 627 948 est
655 905 866 949 essentiae
892 911 1056 949 tantum
1084 905 1377 964 participatio,
1411 911 1503 946 non

127 979 229 1037 ipsa
265 980 466 1023 essentia.
589 976 591 978 ’

243 1076 340 1119 Hac
367 1075 716 1134 participatione,
745 1098 806 1108 —
834 1075 921 1119 hoc
950 1076 1239 1121 connectendi
1267 1075 1419 1130 modo,
1455 1076 1500 1118 in

125 1148 217 1209 quo
248 1151 445 1194 connexa
473 1134 588 1194 vere)
607 1148 653 1193 id
683 1156 876 1202 manent,
908 1150 1029 1208 quod
1059 1139 1310 1210 priusquam
1340 1165 1500 1197 conne-

124 1233 357 1287 cterentur,
384 1225 575 1271 fuerant:
611 1224 735 1269 firma
762 1225 1054 1277 immutabilia,
1081 1224 1293 1272 monades
1309 1252 1364 1261 —
1387 1227 1498 1270 ratio

124 1304 394 1356 continetur,
433 1316 519 1360 qua
549 1300 722 1346 Platoni
758 1303 964 1362 „species
994 1303 1107 1365 inter
1137 1318 1185 1347 se
1214 1303 1499 1347 commiscen-

125 1364 233 1423 tur.'’
292 1378 411 1423 Haec
440 1384 506 1421 est
536 1379 803 1438 quaestionis
834 1392 1025 1421 summae
1055 1394 1081 1421 a
1110 1379 1289 1423 Socrate
1319 1380 1365 1421 in
1396 1379 1498 1421 Par-

123 1439 301 1497 menide
337 1452 535 1513 prolatae
576 1452 753 1499 solutio.
813 1450 976 1497 Omnia
1006 1468 1118 1512 quae
1144 1454 1189 1497 in
1220 1453 1336 1497 hunc
1365 1452 1497 1497 finem

121 1528 187 1573 ibi
223 1521 304 1588 per
340 1530 483 1572 varias
520 1527 757 1586 labyrinthi
786 1530 924 1573 instar
951 1528 1188 1588 implicatas
1218 1529 1380 1587 dialogi
1409 1544 1497 1572 am-

120 1599 256 1664 bages
294 1605 489 1665 exposita
529 1611 630 1649 sunt
666 1610 709 1648 et
745 1603 1006 1664 significata,
1040 1605 1088 1650 in
1122 1604 1353 1690 Sophistae
1382 1604 1494 1650 locis

121 1681 263 1723 citatis
293 1671 410 1723 clara
437 1680 538 1728 luce
565 1679 901 1739 Perfunduntur.

238 1776 314 1823 Sic
357 1777 440 1822 hac
485 1778 772 1838 participandi
815 1779 1034 1838 categoria
1079 1777 1126 1828 id
1163 1777 1284 1838 quod
1319 1778 1411 1824 illic
1446 1786 1495 1824 ut

119 1867 285 1900 summa
315 1853 601 1902 admiratione
633 1854 809 1913 dignum
837 1854 1087 1914 ponebatur
1114 1853 1331 1906 „efficere
1348 1855 1491 1912 ipsum

118 1929 260 1977 simile
296 1937 345 1975 ut
376 1931 432 1976 sit
469 1929 702 1986 dissimile,
736 1932 828 1976 sive
856 1928 1065 1977 dissimile
1100 1930 1243 1988 ipsum
1274 1936 1321 1975 ut
1350 1930 1491 1985 simile

118 2007 192 2058 sit3
248 2007 396 2051 Unum
447 2007 592 2065 ipsum
638 2012 686 2051 ut
729 2011 931 2066 appareat
974 2004 1108 2055 multa
1157 2018 1252 2049 esse
1304 2007 1489 2065 viceque

118 2080 278 2125 versa”
321 2089 584 2140 praestatur-‚3
632 2085 699 2128 sic
733 2081 966 2142 speciebus
1000 2082 1107 2141 ipsis
1143 2082 1388 2126 contrariae
1424 2080 1490 2126 di-

115 2157 371 2204 stinctiones
398 2159 681 2215 conveniunt.

231 2244 496 2289 Dialectices
525 2260 595 2289 ars
627 2250 692 2288 est
721 2276 732 2288 .
768 2277 780 2289 .
809 2277 820 2289 .
849 2241 961 2289 ὅταν
988 2245 1036 2287 τέ
1064 2259 1133 2295 τις
1159 2246 1309 2300 ἕτερον
1335 2242 1395 2295 ὅν,
1418 2260 1487 2307 πῃ

113 2314 287 2363 ταύτὸν
316 2317 431 2365 εἶναι
468 2320 537 2384 φῇ
573 2317 653 2366 καὶ
688 2317 801 2366 ὅταν
828 2316 997 2364 ταύτὸν
1025 2317 1080 2363 ὅν
1109 2321 1275 2376 ἕτερον,
1312 2321 1486 2383 ἐκείνῃ

113 2396 201 2441 καὶ
229 2392 345 2440 κατ’
378 2400 548 2442 ἐκεῖνο
565 2393 604 2441 ’ῑὸ
634 2410 748 2458 φησι
775 2393 948 2440 τούτων
973 2394 1251 2439 πεπονθέναι
1279 2393 1483 2451 πότερον.

114 2469 302 2516 Contra:
354 2467 417 2516 Τὸ
456 2470 504 2515 δὲ
538 2468 704 2516 ταύτὸν
739 2467 1195 2528 ἕτερονάποφαίνειν
1229 2468 1482 2533 ἁμῃγέπῃ·

112 2549 190 2591 καὶ
220 2543 274 2592 τὸ
305 2545 510 2606 θάτερον
539 2543 706 2592 ταύτὸν
735 2550 810 2592 καὶ
839 2544 891 2590 τὸ
919 2548 1036 2604 μέγα
1064 2543 1252 2604 σμικρὸν
1281 2562 1325 2597 κ,
1348 2562 1385 2589 τ.
1413 2547 1483 2598 λ.,·

109 2623 186 2673 καὶ
217 2623 391 2683 χαίρειν
432 2619 552 2671 οὕτω
572 2673 574 2676 ,
592 2620 819 2670 Υτοένοιντίοι
855 2619 923 2669 ἀεὶ
960 2624 1249 2682 προφέροντα
1294 2625 1340 2666 ὲν
1384 2628 1479 2674 τοῖς

1318 2695 1482 2754 λόγοις,
