1648 2971
708 143 973 188 —8-

152 252 281 298 nibus
317 267 371 298 ex
397 252 603 313 partibus
631 253 873 308 illustrata,
908 254 1028 300 facto
1065 252 1183 300 illam
1198 242 1202 246 ’
1220 257 1523 313 quaestionem

149 328 295 374 solvit.

269 436 389 497 Quid
420 438 475 481 sit
505 452 775 503 cognoscere
803 453 894 483 non
918 444 1062 497 potest
1083 437 1265 499 intelligi
1282 440 1366 485 nisi
1389 451 1523 499 quae-

148 514 307 557 stione:
341 472 602 571 Quomodo
607 522 906 571 cognoscatur,
935 514 1092 559 soluta.
1136 515 1224 558 Via
1254 528 1344 572 qua
1373 517 1523 575 cogui-

143 588 253 652 tioui
286 580 653 648 progrediendum
673 597 748 644 est,
774 591 870 648 ipsa
902 597 967 635 est
997 591 1204 651 cognitio.
1265 589 1388 653 Quid
1417 607 1522 659 vere

141 665 334 716 είιιὶιιίε
358 664 421 709 *ad
452 680 581 725 quem
607 668 646 710 ei
671 665 1014 724 perveniendum
1036 673 1112 719 est,
1142 667 1201 710 ita
1230 672 1396 710 tantum
1428 682 1520 711 ma-

142 731 341 803 nifestari
379 737 542 806 potest,
579 749 627 786 ut
659 743 771 787 viam
808 741 864 786 ad
901 758 950 806 se
989 744 1127 805 ipsam
1158 746 1368 799 permeet.
1432 741 1522 786 Ra-

140 811 204 860 t'io
254 812 482 860 dialectica
532 816 773 860 secundum
823 817 1016 862 Platonis
1072 815 1317 861 doctrinam
1369 832 1520 860 verum

139 897 206 935 est
256 882 612 944 fundamentum,
661 887 723 936 ‘in
781 906 875 952 quo
930 892 1108 937 scientia
1160 892 1381 945 nascitur,
1448 907 1518 936 ea-

139 964 331 1024 demque
372 968 418 1012 in
457 967 715 1013 Parmenide
760 966 964 1013 omnibus
1011 954 1063 1012 ex
1102 966 1300 1026 partibus
1334 961 1520 1030 demo'u-

140 1047 314 1088 stratur.

260 1150 399 1211 Quod
435 1152 618 1197 minoris
656 1153 785 1210 pretii
822 1152 893 1196 hic
932 1151 1134 1211 dialogus
1172 1160 1239 1198 est
1277 1168 1328 1198 ea
1364 1151 1420 1198 de
1456 1165 1519 1206 re,

139 1229 308 1286 quippe
338 1229 417 1285 qui
446 1243 538 1272 non
578 1230 633 1273 sit
671 1230 759 1273 nisi
790 1228 995 1273 collectio
1027 1229 1341 1274 elementorum
1371 1228 1521 1286 cogni-

140 1305 272 1348 tionis
301 1302 579 1357 dialecticae,
618 1318 674 1347 eo
711 1318 849 1348 nemo.
882 1307 960 1349 niti
997 1312 1142 1362 potest
1171 1304 1227 1349 ad
1257 1306 1397 1363 majus
1428 1318 1520 1348 mo·

141 1386 331 1423 mentum
363 1380 457 1424 aliis
488 1379 676 1436 dialogis
707 1379 1029 1424 vindicandum.
1074 1382 1125 1424 In
1142 1381 1382 1424 Theaeteto
1405 1381 1519 1424 enim

141 1454 294 1500 eadem
325 1454 639 1499 elementorum
670 1454 872 1500 collectio
897 1462 986 1509 est,
1017 1455 1096 1500 sed
1129 1456 1250 1501 deest
1280 1455 1357 1499 illa
1387 1456 1515 1512 copia

138 1530 368 1574 dialectica
400 1530 697 1576 Parmenidea.

258 1637 541 1696 Quod‘vero
580 1639 749 1696 regula,
795 1653 909 1695 quae
944 1641 1024 1684 toti
1060 1637 1279 1697 subjacet,
1316 1653 1407 1683 non
1447 1637 1512 1683 di-

137 1715 265 1758 sertis
309 1707 578 1766 enuntiatur,
634 1714 678 1757 id
725 1717 898 1759 minime
946 1710 1171 1773 prohibet,
1232 1729 1323 1772 quo
1371 1715 1515 1759 minus

135 1803 346 1848 praesens
377 1792 433 1833 sit
463 1797 505 1834 et
540 1789 703 1835 efficax.
760 1792 817 1834 Et
850 1806 958 1835 vero
1001 1793 1067 1834 est
1105 1792 1341 1852 enuntiata,
1380 1790 1513 1848 quum

135 1856 269 1911 totius
308 1855 469 1933 dialogi
507 1867 562 1909 sit
593 1864 946 1909 fundamentum.
1015 1864 1151 1922 Quod
1190 1867 1235 1908 in
1272 1865 1514 1908 Theaeteto

136 1946 341 1996 tanquam
373 1929 605 1999 singularis
638 1941 853 1998 quaedam
892 1942 1082 1997 itemque
1120 1956 1284 1984 summa
1304 1932 1514 1998 quaestio

136 2019 423 2085 proponitur,
467 2017 522 2060 ad
568 2030 697 2073 quam
735 2016 1013 2075 progreditur
1055 2016 1255 2074 dialogus
1299 2016 1514 2073 superatis

134 2079 311 2138 formis
321 2081 503 2136 minoris
542 2094 764 2145 momenti,
797 2116 851 2124 —
892 2094 937 2135 in
968 2082 1223 2136 Parmenide
1260 2093 1305 2135 in
1343 2092 1513 2135 sincera

136 2159 477 2226 disquisitione,
502 2169 660 2224 specie
690 2169 835 2211 Unius
875 2167 1074 2212 efficitur.
1133 2170 1232 2212 Hoc
1269 2158 1513 2225 exemplum

137 2243 476 2302 philosophandi
509 2246 555 2287 in
586 2242 844 2286 Parmenide
875 2245 1150 2300 propositum
1180 2257 1343 2297 norma,
1373 2250 1512 2287 totum

138 2335 192 2363 ac
231 2333 446 2372 summum
469 2320 658 2370 ⁴Platoni
698 2326 775 2363 est.
847 2319 897 2363 Id
937 2321 1040 2362 satis
1084 2320 1409 2375 pronuntiatum
1449 2325 1514 2362 est

137 2395 181 2438 in
225 2395 362 2451 prima
398 2395 518 2439 illius
555 2394 717 2454 dialogi
756 2402 891 2453 parte.
951 2392 1189 2440 Methodus
1219 2402 1284 2442 est
1315 2393 1512 2453 philoso-

140 2469 320 2528 phandi.

250 2592 423 2639 Alterae
453 2592 616 2651 dialogi
647 2600 792 2650 partes
807 2593 1046 2638 Theaeteto
1078 2592 1263 2642 tributae
1293 2600 1406 2648 sunt,
1436 2609 1510 2639 cu-
