1648 2971
698 191 988 236 -v-‹ss—

150 307 226 347 ¹est
254 302 349 361 ipsa
378 300 632 362 hypothesis
662 304 699 348 εὶ
726 302 776 347 δὲ
803 302 866 360 μὴ
896 305 989 349 ἔστι
1013 296 1068 348 τὸ
1098 303 1155 346 ἔν.
1201 299 1388 360 Urgetur
1408 303 1522 352 enim

157 379 266 426 illud
294 377 359 438 μὴ
389 382 496 425 ἔστι.
556 383 758 441 Tractata
798 381 844 423 in
885 382 1023 438 priori
1054 385 1177 437 parte
1205 378 1349 423 Unius
1379 393 1524 423 essen·

156 458 234 511 tia,
278 459 367 516 jam
403 455 459 501 de
496 459 590 503 eius
632 458 953 502 non—essentia
988 458 1225 516 quaeritur.
1286 454 1417 514 Quae
1443 455 1525 510 hy-

154 533 349 591 pothesis
394 534 482 592 jam
525 536 573 578 in
623 532 876 578 conditione
923 539 1137 586 versatur,
1185 533 1352 591 quippe
1400 544 1523 590 qnae,

154 615 245 653 tota
274 612 489 654 essentiae
522 610 638 654 serie
666 608 869 664 decursa,
920 607 1162 653 adnectitur
1188 616 1392 667 tanquam
1422 620 1529 650 con-

154 687 290 730 trario
306 686 392 744 jam
415 686 561 742 posito
593 683 901 744 absolutoque.
946 684 1069 729 Sicut
1095 683 1209 727 enim
1233 685 1397 740 primae
1425 698 1525 742 par-

155 762 210 805 tis
247 760 431 804 alterum
479 760 723 809 dimidium,
763 758 819 805 τὰ
855 759 1004 811 ἄλλα,’
1039 757 1188 817 quoad
1227 759 1274 801 in
1315 758 1527 805 relatione

151 843 282 885 erant
312 844 355 882 et
383 835 442 883 ad
471 851 520 884 se
547 837 690 898 ipsum
720 844 764 885 et
792 836 847 886 ad
871 838 1004 899 prim,
1035 836 1177 897 primo
1206 832 1437 886 relationis*
1458 852 1526 881 ra-

153 916 274 960 tione
307 923 530 961 tractatum
569 925 676 962 erat:
720 919 781 962 ita
816 933 914 963 cum
949 918 1265 963 non-essentia
1302 914 1525 960 secundae

154 992 311 1049 partis,
347 998 561 1050 quatenus
598 992 656 1036 ad
689 995 880 1050 priorem
908 993 1077 1050 partem
1110 991 1242 1036 habet
1268 992 1525 1037 relationem

154 1068 389 1125 ipsumque
418 1080 500 1124 per
528 1081 577 1111 se
607 1069 664 1111 sit
690 1067 885 1122 relatum,
914 1067 1130 1125 agendum
1160 1073 1239 1112 est.

267 1143 473 1189 Primaria
502 1141 632 1203 hujus
670 1144 835 1202 primae
872 1145 1000 1188 seriei
1027 1143 1171 1198 notio,
1209 1157 1296 1203 qua
1324 1143 1420 1202 ipsa
1450 1143 1526 1190 de·

153 1221 303 1274 currit,
330 1234 505 1278 quaque
535 1221 659 1277 quasi
689 1218 867 1262 cardine
896 1221 1093 1272 vertitur,
1122 1225 1190 1263 est
1217 1216 1269 1263 τὸ
1299 1216 1414 1263 εἶναι
1442 1220 1526 1264 τοῦ

150 1292 212 1354 μὴ
245 1294 388 1349 ὄντος,
418 1296 581 1354 positio
610 1296 875 1354 negationis3
904 1309 1033 1354 quam
1062 1297 1286 1340 notionem
1306 1297 1403 1354 jure
1424 1298 1523 1355 quis

151 1374 292 1416 omnis
311 1387 440 1415 verae
460 1370 764 1429 philosophiae
788 1369 1112 1414 fundamentum
1129 1370 1399 1428 judicaverit.
1438 1373 1525 1415 Pu·

150 1462 242 1491 ram
272 1446 536 1492 identitatem
574 1444 778 1491 omnibus
808 1444 1015 1490 nudatam
1043 1443 1302 1504 praedicatis
1333 1463 1428 1492 esse
1456 1450 1524 1506 ip-

152 1538 246 1567 sum
275 1524 387 1566 nihil
412 1546 469 1557 —
498 1524 732 1581 ipsumque
760 1521 880 1575 nihil,
912 1521 1016 1568 dum
1045 1528 1236 1581 negetur,
1258 1527 1390 1579 poni,-
1418 1523 1525 1568 haec

153 1598 243 1643 duo
284 1600 535 1658 gravissima
577 1605 696 1652 sunt,
746 1597 909 1659 quibus
950 1598 1091 1642 omnis
1133 1599 1395 1658 cognitionis
1431 1614 1523 1645 mo-

151 1681 295 1720 menta
333 1683 574 1721 vertuntur.

262 1752 362 1796 Jam
392 1754 523 1810 igitur
550 1751 621 1796 hic
648 1753 693 1797 in
723 1752 907 1799 Platone
937 1761 1120 1813 apparet
1149 1755 1431 1801 subtilissima
1448 1756 1521 1800 illa

150 1828 340 1886 cognitio
370 1841 424 1870 ex
454 1828 606 1873 intimo
634 1828 965 1888 philosophicae
983 1834 1136 1876 mentis
1158 1845 1335 1877 recessu
1357 1833 1521 1886 hausta‚

149 1905 221 1946 cui
256 1918 449 1948 summus
485 1910 665 1950 nostrae
702 1909 848 1951 aetatis
888 1907 1179 1967 philosophus
1209 1922 1332 1952 suam
1361 1908 1521 1953 doctri-

148 1991 247 2022 nam
279 1981 578 2036 superstruxit.

263 2055 352 2099 Pr'o
389 2053 657 2099 sublimitate
696 2058 809 2101 enim
847 2073 961 2117 quae
997 2059 1042 2102 in
1078 2057 1262 2104 Platone
1290 2066 1357 2105 est
1385 2059 1522 2106 divini

146 2131 331 2187 ingenii,
369 2131 481 2174 hanc
509 2132 732 2176 notionem
763 2136 971 2191 perspicit
1000 2119 1094 2179 non
1125 2134 1341 2180 diversam
1370 2151 1465 2180 esse
1495 2152 1522 2181 a

148 2207 419 2262 cognitione,
463 2214 690 2266 utramque
726 2224 817 2253 non
854 2209 1036 2255 differre
1065 2226 1091 2254 a
1118 2213 1299 2255 notione
1326 2210 1404 2265 τῆς
1432 2214 1522 2255 ἑτε-

147 2278 388 2340 ροιότητος.
468 2284 612 2329 Unam
656 2284 737 2329 hae
771 2290 860 2329 tres
908 2286 1105 2332 efficiunt
1150 2289 1361 2346 speciem3
1412 2288 1522 2333 haec

148 2363 249 2400 sunt
294 2357 419 2402 ardui
462 2358 627 2407 laboris
670 2360 756 2406 late
797 2362 1071 2419 splendentia
1115 2367 1325 2423 praemia,
1379 2366 1519 2409 omnis

148 2434 342 2479 omnium
379 2441 622 2494 temporum
650 2435 955 2497 philosophiae
990 2441 1281 2487 fundamenta.

267 2506 329 2555 Τὸ
360 2506 423 2569 μὴ
455 2511 526 2566 ὅν,
556 2529 690 2573 quum
720 2521 931 2572 quatenus
963 2519 1156 2574 positum
1190 2525 1254 2562 est
1284 2523 1326 2561 et
1355 2515 1518 2560 discre-

144 2589 255 2638 tum,
296 2589 509 2633 essentiae
537 2591 592 2635 sit
627 2592 862 2651 particeps,
899 2594 1093 2652 ejusdem
1125 2609 1305 2654 quoque
1334 2595 1517 2639 varieta-

146 2665 231 2705 tem
261 2666 418 2723 accipit
447 2665 788 2726 quodammodo:
828 2668 1144 2730 participando.
1264 2657 1268 2661 ’
