1648 2971
670 181 966 227 -64-

135 308 255 341 mors
272 288 460 340 lasese
482 290 669 338 invicem
692 286 862 341 {abeunt
874 292 934 350 ’‘);
966 290 1045 337 sed
1073 304 1164 338 non
1192 305 1274 352 per
1301 305 1350 338 se
1377 295 1510 355 ipsae,

135 385 230 417 non
272 371 322 416 in
362 382 528 415 summa
572 374 616 416 et
653 371 886 429 purissima
926 368 1084 423 forma,
1115 382 1245 428 >quae
1289 376 1356 415 est
1399 370 1510 420 idea.

138 447 307 505 Quoad
344 446 462 489 enim
506 443 589 488 hae
632 452 774 507 sunt„
797 460 982 505 prorsus
1025 452 1128 491 sunt
1167 461 1194 491 a
1233 460 1288 491 'se
1324 448 1511 492 invicem

141 523 395 581 disjunctae.
452 521 570 574 Vita,
597 520 680 567 hac
708 521 883 581 quidem
911 523 968 576 vi,
1001 529 1068 569 est
1095 520 1319 578 anima‘*),
1347 522 1512 568 nullius

136 599 388 649 mutationis
419 611 600 659 mpaxt
625 597 809 657 (pariter
842 605 891 642 ut
927 597 1072 643 morbi
1107 612 1273 655 summa
1303 605 1346 642 et
1372 600 1515 656 puris-

135 673 266 722 sima
273 672 416 717 forma
444 672 580 722 febris
610 679 698 730 est·
735 674 910 735 imparis
938 674 1125 731 Unitas)
1153 689 1272 723 mors
1300 675 1514 727 interitus,

135 748 372 797 solutio*
371 755 400 804 )
704 789 709 800 .
855 791 858 795 .

255 825 396 885 Quod
426 824 553 871 Plato
582 790 702 880 dixit,
733 840 759 871 e
787 826 1006 871 contraria
1035 838 1088 870 re
1119 826 1225 870 oriri
1254 826 1515 871 contrariam

134 923 196 937 —
222 900 311 958 hoc
338 901 395 946 de
423 902 675 949 mutationis
704 900 936 946 substratis
965 899 1172 955 valebat,
1195 901 1344 961 quoad
1378 908 1518 945 muta-

134 954 272 1027 tionis
300 979 368 1021 vis
398 977 447 1021 in
477 991 529 1021 ea
558 989 607 1020 se
636 979 803 1025 exserit.
868 978 984 1023 Hinc
1019 976 1131 1021 illud
1160 976 1283 1035 quod
1312 974 1418 1020 dicit
1446 990 1518 1018 res

137 1052 463 1108 contrariorum
483 1054 748 1108 participes
756 1065 859 1095 esse.
920 1051 1086 1099 Omnia
1115 1067 1226 1116 quae
1255 1053 1319 1096 sic
1346 1050 1520 1110 partici-

135 1131 250 1191 pant
266 1121 447 1188 eatenus
474 1121 568 1170 sub
589 1126 842 1189 mutationis
871 1128 1133 1192 categoriam
1163 1126 1336 1173 cadunt.
1373 1126 1519 1184 (Quin

138 1203 268 1246 etiam
303 1182 468 1265 ideae.)
537 1187 612 1246 Sic
645 1203 693 1243 in
729 1215 911 1258 corpore
947 1203 1153 1246 transitus
1194 1209 1372 1261 apparet
1408 1204 1521 1245 vitae

139 1282 184 1322 et
210 1259 384 1329 mortis;
427 1278 578 1321 vivum
610 1282 692 1330 est,
732 1277 984 1325 animatumt
1014 1300 1073 1312 —-
1100 1278 1188 1322 vita
1218 1276 1338 1336 ipsa,
1372 1280 1521 1323 amma

138 1367 234 1397 non
277 1359 365 1403 esu
422 1352 534 1396 haec
579 1352 697 1395 enim
740 1352 888 1409 quoad
924 1360 991 1397 est
1028 1367 1099 1407 ea,
1143 1352 1400 1397 immortalis
1441 1359 1522 1397 est

143 1426 326 1485 Corpus
353 1441 463 1472 vero
492 1431 659 1473 tantum
685 1428 903 1500 particeps
941 1434 1029 1483 est,
1070 1429 1251 1486 ideoque
1278 1433 1322 1471 et
1351 1433 1524 1471 contra-

140 1504 225 1547 rae'i:
252 1496 423 1548 mortim

255 1577 309 1621 In
337 1572 547 1629 Philebo,
589 1579 639 1617 ut
668 1572 727 1618 ad
761 1574 898 1620 finem
928 1577 968 1621 ei
995 1578 1269 1637 propositum
1298 1578 1525 1637 pervenia-

142 1657 238 1705 tur,
273 1653 352 1708 qui
382 1656 466 1704 est,
508 1643 714 1707 depressa
742 1650 969 1709 voluptate
1006 1653 1306 1711 explicitisque
1342 1654 1525 1697 essenti„

143 1719 234 1771 tiae
263 1726 435 1784 genitae
464 1723 705 1779 elementis,
741 1723 890 1773 locum
921 1726 1141 1782 obtinere,
1177 1730 1249 1774 cui
1278 1729 1391 1774 vitae
1419 1743 1526 1773 vera

144 1808 189 1847 et
216 1800 411 1861 perfecta
440 1801 629 1843 societas
660 1806 876 1857 tamquam
907 1803 1202 1855 'fundamento
1231 1806 1441 1848 innitatur
1468 1827 1524 1841 -ν

143 1875 194 1921 id
223 1874 349 1935 quod
378 1873 572 1919 medium
603 1881 670 1918 est
697 1875 812 1919 inter
832 1879 1065 1920 essentiam
1087 1884 1131 1921 et
1150 1880 1389 1932 transitum,
1420 1879 1525 1921 utri-

144 1965 290 2009 usque
326 1952 562 2011 particePS‚
600 1947 686 2015 sub
721 1950 943 2009 perfectae
979 1950 1258 2013 συγκράσεως
1292 1954 1432 1997 forma
1460 1955 1526 1997 in-

147 2027 340 2081 ducitur,
368 2049 429 2060 —
463 2039 679 2072 summum
719 2024 902 2084 aliquod
930 2042 1013 2086 pro
1042 2035 1197 2073 natura
1225 2028 1431 2083 humana,
1477 2029 1524 2073 in

148 2114 243 2159 quo
286 2100 575 2159 participandi
619 2103 837 2160 categoria
882 2101 938 2145 ad
982 2118 1192 2149 summam
1236 2103 1386 2164 quoad
1428 2103 1524 2162 ejus

146 2178 247 2222 fieri
276 2182 423 2236 potest
451 2175 764 2235 perfectionem
797 2184 941 2222 exacta
967 2186 1047 2224 est.

264 2252 314 2296 P.
345 2252 401 2295 15
420 2251 464 2298 b.
530 2248 643 2295 Εἶτα
677 2251 768 2304 πῶς
802 2244 865 2297 αὖ
900 2251 1070 2309 ταύτας
1116 2250 1391 2313 (μονάδας)
1413 2255 1526 2314 μίαν

148 2324 342 2382 ἑκάστην
379 2321 522 2372 οὖσαν
557 2326 628 2373 ἀεὶ
662 2322 749 2382 τὴν
773 2327 934 2384 αὐτὴν,
972 2332 1049 2374 καὶ
1076 2326 1190 2386 μήτε
1219 2333 1386 2388 γένεσιν
1413 2327 1526 2388 μήτε

153 2401 360 2460 ὄλεθρον
390 2403 772 2464 προσδεχομένην,
810 2404 929 2465 ὅμως
962 2402 1078 2452 εἶναι
1113 2404 1386 2466 βεβαιότητα
1413 2407 1526 2464 μίαν

245 2594 287 2641 ’)
314 2609 350 2642 p.
376 2593 434 2631 71.
457 2595 497 2631 d.

228 2656 290 2701 ss)
315 2672 350 2703 p.
374 2657 456 2697 105.
480 2672 510 2695 c.
534 2656 571 2697 d.

204 2717 291 2764 ***)
314 2719 404 2760 ibid,
