1648 2971
692 182 1073 235 ...(42...χ

261 298 319 345 Β.
358 298 431 345 De
465 297 679 345 abstracta
714 302 1037 348 non-essentia
1066 299 1177 345 nihil
1212 312 1398 359 prorsus
1434 301 1521 349 dici

143 384 279 432 posse
306 386 391 433 per
418 388 468 420 se
495 374 660 422 clarum
690 384 768 424 est.
825 377 996 424 Eodem
1023 378 1278 436 pervenitur
1305 377 1396 433 htc,
1426 395 1518 439 quo

141 450 285 507 prima
313 451 446 494 series
476 452 635 509 prioris
665 452 982 513 hypotheseos;
1013 460 1055 498 et
1084 455 1147 498 sic
1176 453 1405 498 amborum
1434 455 1520 499 τοῦ

141 524 243 578 ἑνὸς
280 524 411 578 ὄντος
445 534 489 572 et
526 527 609 573 τοῦ
644 525 740 581 ἑνὸς
764 524 829 586 μὴ
859 524 993 583 ὄντος
1033 528 1258 585 identitas,
1295 529 1397 576 licet
1424 544 1518 577 non

142 599 331 647 enodata
358 601 435 647 illa
465 602 712 665 disertoque
741 617 968 663 expressa,
999 606 1152 653 effecta
1182 612 1260 652 est.
1482 619 1484 621 ’

261 755 308 801 G.
329 756 385 802 1).
436 755 587 816 Quum
614 752 672 802 τὰ
701 754 816 802 ἄλλοι
845 771 925 817 per
953 772 1003 803 se
1032 758 1117 803 sint
1147 756 1366 804 diversum
1396 756 1518 818 quid,

137 832 326 878 varietas
354 834 541 891 primum
578 834 812 892 quaeritur.
871 835 960 879 Pro
1001 833 1285 880 fundamento
1323 834 1518 879 substra-

135 914 207 953 tae
235 915 338 954 sunt
368 909 616 968 quaestioni
646 910 814 967 species
843 910 929 955 τοῦ
958 911 1110 966 ἑτέρου
1141 916 1185 955 et
1212 895 1300 955 ’ἑῶν
1331 909 1487 969 ὄγκων.

254 984 433 1042 Speciei
479 982 564 1031 τοῦ
607 986 757 1042 ἑτέρου
802 984 1093 1032 adnectuntur
1135 980 1193 1029 τὰ
1241 981 1358 1030 ἄλλα
1382 1000 1517 1045 ·quae

135 1061 264 1105 notio
299 1069 386 1104 tam
424 1057 643 1105 subtiliter
678 1066 852 1116 tamque
892 1061 1040 1104 stricta
1076 1061 1121 1103 vi
1150 1062 1357 1118 premitur
1386 1075 1515 1120 quam

134 1142 264 1181 antea
293 1148 537 1193 nunquam,
575 1134 680 1192 quia
708 1147 827 1178 nunc
854 1147 944 1178 non
972 1140 1039 1177 est
1067 1136 1238 1191 Unum,
1274 1143 1317 1181 et
1344 1143 1516 1196 praeter

133 1208 189 1257 τὸ
226 1212 273 1256 ἓν
310 1217 352 1255 et
389 1205 447 1253 τὰ
482 1207 601 1252 ἄλλα
634 1208 746 1254 nihil
787 1210 854 1253 sit.
921 1210 1195 1255 Diversitatis
1233 1214 1347 1256 enim
1389 1213 1515 1256 notio

136 1292 205 1331 est
239 1282 296 1330 τοὶ
332 1283 452 1329 ἄλλοι
478 1285 587 1342 ipsa.
646 1283 706 1328 Et
733 1283 838 1329 licet
866 1285 1010 1329 Unius
1039 1287 1212 1330 ratione
1240 1286 1361 1330 nulla
1390 1285 1515 1330 habi-

134 1368 200 1417 ta,
234 1367 378 1407 tamen
409 1367 476 1406 est
502 1356 561 1405 τοὶ
592 1358 709 1404 ἄλλα
736 1382 796 1394 -
831 1357 1088 1415 ἀλλήλων.

252 1436 307 1482 Id
346 1436 469 1496 quod
503 1436 676 1481 maximi
711 1435 919 1479 momenti
954 1442 1030 1480 est.
1103 1434 1171 1481 Τοὲ
1214 1435 1332 1481 ἄλλα
1369 1442 1513 1481 autem

132 1519 238 1558 sunt
272 1507 332 1557 τοὶ
368 1509 517 1557 πολλὰ
555 1513 648 1556 sive
681 1506 734 1555 τὸ
772 1510 976 1565 πλῆθος,
1005 1509 1058 1556 τὸ
1089 1510 1286 1570 ἄπειρον.
1346 1512 1511 1557 Eadem

132 1590 266 1648 igitur
295 1604 409 1649 quae
436 1588 525 1633 τῶν
552 1587 701 1633 ἄλλων
734 1583 941 1640 ἀλλήλων
978 1594 1043 1632 est
1079 1590 1215 1643 ratio,
1252 1587 1402 1634 eadem
1431 1589 1515 1634 erit

132 1665 221 1711 τῶν
242 1662 439 1720 πλήθων
468 1667 581 1710 inter
615 1680 664 1709 se
692 1665 895 1708 invicem.

251 1740 398 1799 Quam
430 1742 643 1784 rationem
671 1753 764 1785 non
792 1754 899 1784 vere
928 1754 1044 1794 esse,
1081 1739 1161 1786 sed
1194 1746 1359 1786 tantum
1393 1740 1512 1801 φαί-

133 1817 363 1868 wicram,
395 1816 482 1860 dici
511 1830 606 1860 non
636 1822 791 1872 potest,
826 1823 1035 1875 quantum
1064 1818 1235 1860 intersit
1264 1823 1313 1859 ut
1344 1816 1513 1873 perspi-

131 1893 282 1936 eiatur.
341 1891 604 1950 Intelligitur
642 1891 730 1935 hoc
765 1905 838 1944 eo,
877 1890 1001 1949 quod
1030 1885 1082 1934 τὸ
1113 1890 1297 1943 πλῆθος
1326 1904 1513 1949 cognos-

132 1969 245 2012 citur
273 1974 439 2011 tantum
469 1965 670 2025 ἄπειρον,
698 1966 820 2026 quod
849 1980 998 2009 veram
1027 1967 1218 2009 nancisci
1248 1980 1339 2010 non
1368 1967 1510 2025 possit

130 2045 434 2099 exsistentiam,
464 2042 543 2088 sed
572 2044 620 2087 in
648 2044 858 2102 opinione
890 2048 934 2086 et
963 2043 1109 2099 specie
1131 2048 1346 2093 versetur;
1375 2039 1511 2098 idque

130 2133 188 2165 eo
217 2118 506 2177 significatur,
541 2118 663 2177 quod
694 2131 827 2176 supra
856 2117 982 2162 Plato
1011 2113 1068 2161 τὰ
1096 2112 1247 2161 πολλοὶ
1279 2118 1373 2160 sine
1401 2116 1509 2160 Uno

127 2208 187 2241 ne
224 2191 282 2239 τοὶ
318 2190 469 2240 πολλὰ
507 2193 685 2251 quidem
716 2208 815 2237 esse
845 2198 1063 2238 statuerat.
1127 2188 1191 2236 Τὸ
1226 2191 1412 2244 πλῆθος
1441 2196 1508 2235 est

127 2265 188 2314 τοὶ
217 2266 364 2314 πολλοὶ
393 2271 439 2314 in
473 2269 614 2315 forma
645 2270 917 2329 quantitatis;
960 2281 1126 2311 summa
1163 2273 1229 2309 est
1256 2265 1508 2310 indifferen-

128 2345 206 2398 tia,
253 2345 301 2388 in
340 2359 427 2404 qua
464 2346 610 2390 omnia
648 2344 915 2396 discrimina,
960 2342 1064 2387 Uno
1103 2339 1288 2392 abolito,
1333 2340 1507 2385 sublata

128 2425 251 2472 sunt,
291 2433 376 2464 nec
410 2420 457 2463 in
494 2433 583 2479 qua
619 2419 709 2466 ulla
747 2421 840 2466 sive
876 2416 1032 2464 relatio
1071 2418 1165 2460 sive
1206 2418 1320 2462 ratio
1357 2415 1506 2462 locum

127 2495 316 2555 amplius
347 2493 489 2540 habet.

247 2571 364 2617 Cum
394 2573 526 2631 igitur
554 2578 652 2624 τοῖς
680 2572 853 2624 ἄλλοις,
884 2570 1043 2616 amisso
1070 2569 1195 2623 Uno,
1234 2566 1343 2613 nihil
1371 2565 1505 2611 relin-

128 2655 307 2705 quatur,
342 2664 472 2707 quam
499 2663 596 2693 esse
625 2644 781 2703 (ἄλλα)
815 2645 1037 2702 ἁλλήλωνς
1082 2644 1331 2689 necessario
1361 2642 1505 2700 sequi-

128 2728 221 2776 tur,
255 2729 307 2767 ut
342 2722 454 2767 illud
488 2722 673 2783 ἄπειρον
700 2721 884 2778 πλῆθος
911 2718 1220 2780 singularitatis
1250 2719 1306 2775 (i.
1337 2732 1375 2763 e.
1404 2716 1504 2761 uni-
