1648 2971
667 165 960 210 ...35-

126 277 281 320 vicem·
306 276 457 321 transit
494 276 540 321 in
578 274 803 330 unitatem,
839 274 920 333 sed
959 282 1191 337 utrumque
1217 282 1306 336 (per
1339 290 1390 324 se
1423 292 1492 325 se-

123 358 332 410 paratum.

236 428 397 486 Neque
429 440 536 473 vero
564 428 655 473 Uni
690 427 870 473 nimium
899 425 1142 489 derogatur.
1200 428 1317 475 Nam
1346 430 1490 477 omnia
1516 453 1518 455 ·

121 501 284 547 babent
310 501 705 562 praedicamentum
736 502 1016 558 discriminis,
1044 505 1239 563 ideoque
1265 502 1491 565 praedica-

120 582 311 621 mentum
337 578 492 622 Unius.
550 578 654 621 Dici
682 577 859 635 quidem
887 581 1089 639 potuerit,
1116 587 1159 624 et
1183 581 1275 624 Uni
1305 586 1350 624 et
1377 577 1491 623 mul-

119 653 175 696 tis
210 651 406 696 nondum
440 653 544 695 satis
582 651 801 711 derogari,
836 661 879 699 et
914 653 1051 698 altera
1085 667 1138 697 ex
1171 660 1293 712 parte
1332 668 1488 713 parum

119 727 314 783 attribui,
350 727 474 786 quod
502 742 595 774 non
623 743 703 789 per
731 742 781 774 se
808 730 905 789 ipsa
933 729 1225 789 explicantur,
1263 728 1487 786 tolluntur,

119 805 440 863 conjunguntur
468 802 520 858 *).

216 881 290 923 .D.
334 880 391 924 Ε.
452 879 620 939 Quarta
656 885 699 924 et
738 880 890 939 quinta
926 879 1091 941 dialogi
1122 894 1226 942 pars
1264 880 1313 927 in
1349 892 1487 939 quae·

204 1042 245 1089 ⁸²)
268 1057 346 1091 pag.
370 1043 452 1081 150.
472 1052 524 1096 *ut
553 1043 812 1080 demonstretur
842 1040 883 1077 τὰ
914 1037 956 1079 ἓν
986 1043 1047 1079 καὶ
1074 1036 1183 1079 τᾶλλα
1212 1044 1371 1095 aequalia
1403 1059 1492 1091 esse,

114 1106 363 1152 argumentatio
378 1106 499 1157 Unum
522 1106 663 1150 omittit,
685 1117 719 1143 et
741 1106 871 1154 species
894 1106 1072 1154 parvitatis
1096 1117 1131 1144 et
1152 1107 1401 1152 magnitudinis
1423 1122 1488 1156 per

114 1186 153 1209 se
181 1172 277 1219 ipsae
309 1168 400 1216 (una
433 1181 568 1207 tantum
593 1184 633 1208 ex
657 1181 752 1218 parte
773 1169 966 1218 spectatae)
989 1187 1035 1198 —
1063 1170 1102 1206 id
1133 1173 1230 1219 quod
1261 1173 1485 1209 referendum

115 1237 161 1271 ad
183 1235 331 1283 primam
355 1244 487 1282 partem
511 1249 545 1281 p.
571 1233 640 1269 131
662 1252 709 1259 —
732 1233 930 1270 efficiuntur
952 1247 995 1269 eo
1020 1235 1119 1281 quod
1147 1235 1213 1270 bae
1240 1234 1338 1282 ipsae
1360 1235 1484 1271 notio·

115 1313 177 1335 nes
201 1307 403 1345 separantur
426 1311 445 1333 a
469 1300 587 1335 rebus.
632 1297 683 1333 Ut
706 1307 740 1333 et
762 1297 832 1332 hoc
856 1297 901 1332 de
922 1297 1035 1345 prima
1058 1307 1155 1343 parte
1177 1311 1398 1342 moneamus,
1429 1298 1483 1335 di-

113 1376 252 1404 camus,
282 1360 353 1409 jam
377 1373 416 1395 ea
439 1360 515 1407 ipsa
538 1374 594 1403 re,
627 1360 724 1406 quod
753 1358 917 1395 notiones
948 1360 1044 1402 illae,
1074 1369 1239 1407 tanquam
1268 1361 1418 1408 parvitas
1448 1370 1485 1398 et

110 1424 316 1469 magnitudo
338 1425 443 1460 rebus
467 1432 707 1470 opponantur,
731 1421 985 1469 separationem
1008 1424 1197 1469 perfectam
1221 1438 1295 1460 esse
1319 1434 1354 1461 et
1376 1423 1485 1460 ratio-

63 1487 65 1489 *
110 1503 193 1524 nem
219 1488 327 1523 totius
363 1497 396 1523 et
429 1487 581 1533 partium
610 1486 849 1522 mechanicam
877 1486 915 1522 id
947 1496 1085 1536 tantum
1114 1487 1354 1524 demonstrare
1382 1488 1480 1535 quod

109 1552 180 1601 jam
211 1551 364 1596 exsistat;
401 1550 448 1586 ita
480 1559 519 1585 ut
552 1550 705 1597 sparatio
742 1549 838 1595 prius
875 1549 1056 1596 proposita
1095 1559 1232 1586 tantum
1271 1550 1480 1598 perficiatur.

109 1618 150 1651 ld
175 1616 213 1650 in
238 1629 309 1664 quo
333 1613 504 1661 separatio
532 1623 688 1648 versatur
719 1622 754 1648 et
786 1613 881 1658 quod
912 1612 956 1646 ad
979 1612 1074 1647 illam
1098 1613 1406 1650 demonstrandam
1430 1615 1480 1649 ef-

110 1680 236 1723 ficitur,
260 1688 328 1721 est,
351 1678 449 1725 quod
477 1677 608 1724 species
631 1675 855 1722 aequalitatis,
878 1675 1141 1719 magnitudinis,
1163 1676 1355 1722 parvitatis,
1379 1689 1484 1725 quac-

111 1757 179 1790 que
201 1740 264 1790 per
286 1755 324 1777 se
347 1740 493 1776 discreta
517 1739 700 1783 exsistunt,
722 1739 891 1776 relatione
915 1752 1035 1775 earum
1060 1739 1210 1777 omissa3
1233 1739 1273 1775 id
1296 1740 1378 1777 ideo
1401 1755 1484 1789 pro-

110 1805 272 1853 ponitur,
302 1814 342 1840 ut
370 1813 538 1848 negentur
565 1804 731 1852 applicari
760 1805 807 1840 ad
835 1814 953 1840 totum
983 1812 1044 1838 aut
1072 1803 1117 1838 ad
1147 1814 1262 1850 partes
1282 1821 1331 1830 ·-
1360 1805 1483 1842 relatio

111 1884 193 1905 vero
216 1868 386 1915 posterius
411 1867 669 1903 demonstratur
697 1878 864 1915 tanquam
887 1882 952 1915 per
974 1881 1012 1904 se
1034 1866 1112 1914 ipsa
1135 1867 1298 1904 exsistens
1322 1878 1357 1904 et
1380 1883 1420 1905 ea
1443 1883 1483 1906 re

112 1932 297 1979 aequalitas
313 1930 427 1966 Unius
453 1941 487 1966 et
509 1928 578 1963 τῶν
603 1924 715 1964 ἄλλων
738 1931 896 1969 efficitur.
944 1931 1034 1966 Eam
1059 1932 1106 1965 ob
1131 1944 1267 1966 causam
1292 1932 1391 1977 quod
1414 1945 1482 1978 po·

112 2005 182 2032 stea
205 2007 272 2041 pro
296 2003 419 2028 natura
442 1993 492 2028 rei
517 1992 675 2042 objectae
707 1995 745 2030 in
770 2008 810 2030 ea
831 2008 906 2032 sese
935 2002 1081 2037 tangunt
1105 2003 1138 2028 et
1161 1993 1251 2028 inter
1272 2007 1310 2029 se
1333 1993 1481 2043 conjun-

111 2069 254 2103 guntur,
286 2057 575 2093 contradictiones
609 2067 846 2093 convocantur
879 2069 914 2094 et
945 2055 1118 2103 separatio
1150 2069 1171 2092 a
1203 2058 1308 2094 rebus
1335 2056 1479 2106 obiectis

112 2121 322 2157 enuntiatur.

205 2185 298 2219 Tum
320 2198 359 2219 ex
381 2183 451 2219 boc
478 2184 579 2227 loco,
608 2193 683 2218 tum
715 2197 755 2219 ex
787 2182 925 2219 ratione
948 2197 1018 2232 qua
1041 2185 1187 2220 eandem
1210 2197 1283 2219 rem
1306 2182 1344 2218 in
1367 2182 1481 2230 prima

111 2258 211 2294 parte
245 2258 384 2293 tractat,
418 2247 640 2284 manifestum
678 2257 746 2289 est,
785 2247 971 2283 Platonem
1010 2248 1246 2284 difficultatem
1283 2260 1482 2294 proponere

112 2313 260 2347 hancce:
306 2311 337 2344 εἰ
361 2305 401 2344 ἓν
424 2312 516 2350 εἶδος
540 2310 682 2345 ’ἕκαστον
703 2309 770 2344 τῶν
793 2304 906 2344 ὄντων
930 2305 991 2345 «iel
1011 2324 1045 2345 τι
1068 2305 1321 2357 ἀφοριζόμενος
1343 2307 1481 2356 θήσεις.

112 2390 149 2422 p.
173 2374 257 2411 133:
305 2372 337 2409 si
368 2388 542 2423 quamque
573 2375 721 2423 speciem
744 2373 791 2408 ita
816 2374 942 2420 ponis,
973 2384 1013 2409 ut
1034 2389 1105 2410 una
1129 2375 1191 2420 sit,
1216 2375 1240 2412 i.
1266 2390 1296 2413 e.
1320 2389 1339 2411 a
1363 2374 1480 2411 ceteris

113 2440 294 2486 speciebus
326 2451 469 2485 prorsus
502 2439 666 2483 discreta,
695 2447 802 2484 utque
832 2449 955 2473 eam'a
985 2438 1217 2482 singularibus
1242 2438 1482 2474 exsistentibus

115 2506 218 2540 rebus
252 2501 466 2540 discernas.''
514 2503 729 2539 Schmidtius
758 2502 950 2539 rectissime
978 2503 1074 2538 hunc
1097 2505 1216 2538 locum
1238 2501 1407 2538 intellexit
1430 2498 1484 2546 ᾖ),

118 2566 431 2603 Scbleiermacbero
455 2567 572 2604 miuus
597 2577 676 2614 apte
697 2567 946 2614 interpretato:
992 2568 1140 2610 „Wenn
1166 2567 1214 2601 du
1237 2568 1294 2602 fiir
1315 2565 1484 2609 segliches

163 2645 198 2692 ⁶)
225 2647 402 2691 Schmidt,
435 2645 656 2685 Parmenides
691 2647 741 2684 als
774 2648 1013 2685 dialektiscbes
1037 2645 1246 2685 Kunstwerk
1276 2647 1485 2693 dargestellt.

228 2705 349 2741 Berlin
374 2705 476 2744 1821.
523 2721 558 2754 p.
584 2707 640 2744 13.
