1648 2971
135 967 229 1017 DE
262 967 336 1019 VI
370 968 461 1016 ET
497 966 683 1017 Loco
717 965 1147 1018 PARMENIDIS
1182 966 1399 1020 INTER

352 1051 784 1103 PLATONICOS
815 1051 1180 1103 DIALOGOS.

80 1385 236 1456 Nimis
265 1412 445 1456 multum
474 1411 684 1457 tributum
704 1411 876 1457 videtur
899 1419 1164 1471 argumento,
1192 1412 1318 1471 quod
1333 1412 1449 1458 The-

78 1495 245 1533 aetetus
282 1495 477 1548 tempore
515 1490 570 1532 sit
598 1486 858 1532 Parmenide
894 1489 1038 1533 serior
1073 1489 1282 1547 scriptus,
1322 1489 1450 1547 quasi

78 1579 244 1608 summa
279 1563 382 1608 inde
425 1563 639 1608 efficiatur
685 1562 900 1607 evidentia
940 1566 1152 1623 majorem
1192 1564 1309 1608 illius
1351 1578 1448 1609 esse

77 1639 406 1699 perfectionem,
445 1640 653 1698 temporis
692 1637 855 1681 scilicet
883 1652 1122 1697 progressu
1150 1640 1288 1697 majus
1319 1640 1447 1683 etiam

77 1721 121 1758 et
150 1714 421 1773 dialogorum
451 1712 857 1773 componendorum
889 1720 931 1757 et
959 1728 1104 1756 rerum
1126 1713 1447 1759 tractandarum

76 1788 302 1835 artificium
326 1790 563 1835 adferente:
595 1789 717 1847 quod
736 1797 1044 1848 argumentum,
1074 1795 1123 1834 ut
1152 1789 1246 1834 fere
1275 1791 1322 1835 in
1352 1791 1448 1835 uni-

75 1879 268 1919 versum,
307 1868 434 1924 quasi
474 1873 587 1910 esset
625 1866 863 1911 certissima
901 1864 972 1909 lex
1007 1878 1253 1924 rnormaque
1291 1867 1331 1910 si
1360 1879 1448 1924 qua

77 1949 404 2000 unquam·rata‚
436 1941 548 1986 solet
567 1937 731 2000 urgeri,
760 1944 819 1986 ita
845 1943 892 1986 in
920 1940 1102 1986 Platone
1133 1943 1258 1985 etiam
1287 1943 1446 2000 majori

76 2032 175 2060 cum
220 2018 319 2075 jure
353 2017 588 2062 videbatur
625 2017 820 2062 adhiberi
862 2031 1014 2076 posse,
1062 2017 1223 2075 quippe
1262 2018 1309 2061 in
1352 2013 1444 2076 quo

76 2093 220 2151 ipsum
249 2092 359 2137 illud
389 2100 436 2137 ut
466 2108 677 2138 summum
715 2099 934 2152 appareat,
972 2090 1095 2148 quod
1136 2093 1314 2137 nonnisi
1340 2109 1444 2153 pro-

76 2168 317 2227 grediendo
355 2167 410 2213 ab
441 2168 579 2213 altero
609 2169 662 2213 ad
693 2167 874 2212 alterum
902 2172 1106 2212 transeat.
1165 2167 1253 2214 Cui
1280 2168 1444 2229 placito

75 2258 181 2288 sane
210 2259 331 2288 suam
360 2245 583 2289 veritatem
612 2243 759 2289 nullus
789 2243 1129 2297 detrectaverim,
1156 2259 1253 2288 cum
1276 2245 1442 2303 judicio

75 2321 294 2378 certisque
341 2319 426 2365 sub
469 2318 796 2367 conditionibus
839 2318 1062 2365 adhibito:
1116 2321 1292 2365 minime
1334 2336 1442 2366 vero

75 2403 235 2441 tantam
273 2397 367 2453 ejus
402 2403 511 2455 puto
549 2398 767 2441 veritatem
806 2410 923 2450 esse,
962 2403 1029 2450 ut,
1066 2397 1152 2440 nisi
1182 2395 1292 2441 aliae
1320 2412 1443 2441 acce-

75 2471 181 2517 dant
216 2473 429 2524 rationeS,
473 2486 523 2516 ex
568 2486 622 2517 eo
663 2473 898 2532 praecipue
941 2471 997 2517 de
1031 2473 1188 2531 majori
1226 2473 1441 2516 minorive

74 2547 258 2608 alicujus
296 2548 445 2607 operis
484 2551 626 2608 pretio
670 2550 815 2608 possis
857 2548 972 2593 ferre
1008 2549 1273 2593 sententiam.
1340 2548 1441 2610 Μο-

74 2639 161 2669 neo
198 2625 282 2670 hoc
317 2631 497 2685 propter
527 2625 969 2670 Schleiermaeherum
998 2626 1056 2671 V.
1086 2625 1149 2678 5.,
1186 2625 1265 2681 qui
1302 2637 1440 2682 quum

77 2707 195 2746 reete
222 2700 492 2746 Parmenidis
529 2701 675 2746 locum
712 2702 1002 2755 constituerit,
1037 2706 1178 2744 tamen
1214 2714 1307 2746 non
1337 2702 1440 2745 satis

1136 2774 1166 2820 1
