1648 2971
668 171 959 216 ...37-

249 284 302 332 In
337 286 489 345 quinta
534 285 647 330 serie
684 283 810 329 notio
854 280 915 329 τὰ
947 280 1068 328 ἄλλα
1104 279 1324 325 contrario
1357 278 1495 327 modo

134 369 357 416 tractatum
393 361 606 421 spoliatur
634 360 898 420 proprietate
927 375 1007 405 sua
1033 371 1229 416 veraque
1258 356 1425 410 indole,
1453 348 1500 402 ct

136 439 185 497 si(
202 454 253 483 ea
282 438 487 498 respicis,
527 449 641 495 quae
675 436 757 480 hac
794 436 906 479 serie
943 435 1210 489 efficiuntur,
1246 430 1366 476 idem
1404 434 1497 476 eius

136 522 203 560 est
230 521 494 559 momentum
523 511 580 556 ad
603 514 735 557 totius
765 514 987 565 rationem,
1015 511 1137 569 quod
1166 510 1328 570 prioris
1359 508 1500 561 seriei,

115 592 334 648 quamvis
370 588 758 651 ipsa''hypothesis
801 589 942 635 multo
978 586 1180 633 subtilior
1216 591 1422 646 appareat
1457 590 1509 630 et‘

137 664 302 712 durior.
1188 707 1190 709 ,

251 742 491 785 Plurimum
519 738 738 785 notandae
767 747 866 785 sunt
901 741 948 784 in
984 738 1067 782 hac
1096 742 1252 795 quarta
1280 741 1323 779 et
1350 737 1502 794 quinta

135 818 249 861 serie
277 818 482 861 notiones
512 815 593 860 τοῦ
620 818 813 874 μετέχειν
841 821 885 859 et
913 811 1141 869 πλήθους.

251 894 366 951 Age,
401 894 489 950 jam
522 891 705 934 firmiter
744 890 1051 934 adhaereamus
1087 889 1343 948 hypothesi,
1385 892 1502 935 circa

137 980 265 1025 quam
295 967 378 1011 hae
408 966 592 1023 quoque
628 965 742 1008 duae
775 972 921 1023 partes
949 971 1194 1009 vertuntur:
1232 970 1277 1010 -εὶ
1314 969 1363 1010 ἕν
1397 970 1501 1011 ἐστι.

136 1042 247 1085 Esse
275 1036 328 1084 τὸ
370 1035 419 1084 ἓν
446 1054 526 1098 per
561 1052 611 1082 se
640 1044 683 1082 et
721 1053 772 1082 ex
805 1039 982 1097 propria
1011 1053 1089 1083 sua
1118 1046 1272 1084 natura
1300 1038 1360 1085 τὰ
1389 1038 1507 1086 ἄλλοι

138 1120 234 1173 (aut
267 1114 324 1161 τοὶ
354 1111 523 1170 πολλὰ)
559 1121 603 1158 et
639 1115 734 1157 vice
762 1128 911 1168 versa,
956 1114 1041 1157 hoc
1070 1115 1312 1174 intelligere
1343 1104 1508 1176 dialog‘i

136 1193 251 1237 fines
289 1191 474 1242 excedit3
522 1192 653 1249 igitur
685 1194 723 1234 εὶ
760 1192 806 1234 ἓν
845 1194 957 1242 ἐστι,
994 1190 1050 1234 τὰ
1088 1189 1205 1235 ἄλλα
1238 1200 1413 1237 manent
1449 1190 1506 1237 τοὶ

138 1269 265 1319 ἄλλοι,
297 1274 340 1312 et
368 1266 491 1324 quod
520 1280 731 1310 summum
751 1267 959 1324 attingere
975 1275 1173 1325 possunt,
1203 1269 1405 1326 estquod
1423 1268 1509 1314 τοῦ

138 1341 236 1395 ἑνὸς
264 1345 436 1400 μετέχει.
496 1342 656 1398 Neque
694 1342 836 1399 ipsum
873 1344 919 1385 ἓν
956 1342 1012 1385 ad
1048 1342 1244 1387 altiorem
1274 1344 1510 1388 adductum

142 1425 233 1463 erat
262 1416 446 1477 gradum
478 1428 612 1474 quam
642 1430 716 1471 eo,
755 1415 877 1474 quod
904 1419 1071 1475 μετέχει
1097 1417 1186 1463 τῶν
1212 1418 1373 1465 ἄλλων.
1433 1419 1511 1465 Al·
1547 1411 1554 1415 ⁶

143 1579 336 1630 ,,ἔκάστου”
359 1580 509 1625 singulas
534 1594 608 1616 esse
638 1594 691 1617 res
723 1580 911 1628 supponit;
940 1582 1001 1616 sed
1032 1582 1127 1628 quod
1158 1582 1247 1619 ideis
1278 1576 1384 1617 οὗσία
1413 1583 1508 1621 attri-

141 1647 276 1687 buitur,
300 1645 434 1691 optime
457 1659 494 1680 se
516 1645 620 1679 habet
644 1653 679 1679 et
701 1657 825 1688 magna
848 1644 913 1679 ista
937 1645 1119 1682 difficultas
1144 1646 1325 1683 evanescit.

233 1708 413 1756 Separatio
437 1722 553 1744 rerum
577 1722 596 1744 a
618 1707 799 1754 speciebus
822 1722 897 1743 non
925 1707 1052 1745 diserte
1075 1709 1290 1751 enuntiatur,
1314 1709 1377 1745 aed
1401 1709 1510 1746 conti-

142 1784 245 1808 netur
268 1772 382 1808 statim
409 1772 445 1806 in
471 1771 692 1807 definitione:
717 1765 823 1805 οὗσία
847 1766 935 1816 αὖτὴ
961 1766 1044 1806 καθ’
1069 1768 1189 1818 αὑτήν.
1228 1773 1296 1809 Res
1321 1773 1404 1809 huic
1427 1788 1513 1809 con-

144 1835 269 1872 trariae
299 1844 399 1876 sunt,
428 1846 506 1877 ergo
540 1836 585 1868 ab
617 1848 656 1869 ea
684 1845 874 1881 separatae-
923 1835 1013 1871 Cum
1037 1850 1090 1872 res
1114 1835 1258 1871 omnino
1282 1836 1339 1871 hic
1362 1837 1510 1873 minoris

143 1900 213 1937 sint
234 1898 421 1941 momenti,
451 1907 588 1933 tamum
619 1898 815 1945 disputatur
844 1900 888 1935 de
914 1892 1020 1944 οὗσίᾳ
1049 1893 1138 1947 αὗτῇ
1160 1892 1244 1932 καθ’
1267 1893 1388 1944 αὑτήν.
1438 1900 1510 1937 Sed

142 1978 218 2000 non
243 1963 349 2007 magis
374 1977 478 2010 quam
502 1962 669 2010 implicite
693 1963 887 2000 exsistentia
912 1978 1026 2000 rerum
1055 1963 1266 2007 singularum
1299 1963 1380 1999 huic
1404 1958 1511 2009 οὗσίᾳ

147 2029 247 2066 inest.

240 2091 347 2126 Notes
371 2089 472 2124 vclim
497 2103 602 2136 quam
625 2090 741 2127 stricte
765 2091 902 2128 haereat
930 2092 968 2128 in
992 2092 1165 2127 vocabulo
1188 2084 1299 2126 τᾶλλα
1323 2102 1444 2128 auctor
1466 2111 1513 2118 —

148 2169 251 2202 quam
274 2153 403 2190 subtile
426 2153 465 2188 id
490 2166 779 2190 commemoretur
802 2155 840 2191 iu
863 2156 991 2193 verbis:
1037 2156 1096 2190 καὶ
1123 2151 1213 2201 μετὰ
1234 2151 1299 2199 τὴν
1321 2149 1433 2201 ἀρχὴν
1453 2154 1514 2189 καὶ

146 2211 286 2252 τᾶλλα
314 2213 458 2251 πάντα
487 2218 587 2263 μέχρι,
610 2216 675 2252 τοῦ
700 2218 837 2264 τέλους)
871 2234 909 2267 p.
932 2219 1014 2258 153.
1062 2218 1252 2256 Conclusio
1281 2218 1347 2255 hac
1375 2232 1415 2256 re
1443 2216 1515 2267 jam

151 2291 348 2328 comparata
371 2292 430 2317 est.

240 2344 281 2380 In
312 2345 382 2380 fine
411 2344 511 2381 seriei
544 2344 581 2380 id
612 2346 710 2393 quod
738 2359 776 2382 ea
813 2347 1035 2384 efficiendum
1066 2356 1156 2390 erat,
1193 2345 1361 2382 nimirum
1391 2344 1512 2381 relatio

149 2410 263 2446 Unius
288 2410 332 2445 ad
354 2402 462 2442 τᾶλλα
485 2410 699 2447 manifestius
723 2411 825 2465 etiam
849 2412 1032 2460 exponitur
1054 2411 1150 2448 bisce
1173 2412 1304 2448 verbis:
1348 2410 1405 2443 καὶ
1429 2404 1513 2442 ὅσα·

149 2486 214 2521 περ
244 2473 304 2508 καὶ
334 2473 413 2519 περὶ
443 2468 553 2507 τᾶλλα
585 2473 653 2508 τῶν
683 2470 850 2508 τοιούτων
879 2473 1040 2521 τυγχάνει
1072 2470 1177 2523 ὅπα,
1210 2476 1269 2508 καὶ
1298 2474 1377 2519 περὶ
1405 2468 1446 2506 τὸ
1477 2470 1514 2506 ἕν

151 2539 252 2572 ἐστιν.
302 2537 423 2584 Quum
447 2535 522 2572 Uni
545 2539 664 2574 omnia
692 2538 923 2576 attribuantur
954 2554 1043 2588 quae
1071 2544 1146 2577 τοῖς
1177 2533 1297 2577 ἄλλοις
1329 2546 1363 2573 et
1393 2535 1515 2572 omni*

154 2613 242 2647 quae
266 2601 310 2638 de
331 2603 407 2639 τοῖς
434 2593 550 2639 ἄλλοις
574 2611 751 2646 constant,
773 2602 876 2640 etiarn
900 2605 944 2641 de
966 2604 1050 2640 Uno
1074 2611 1249 2645 constent;
1277 2593 1387 2634 τᾶλλα
1409 2599 1448 2636 iu
1470 2598 1515 2636 il-

153 2663 222 2699 lius
254 2663 362 2711 ipsius
395 2673 556 2701 naturam
590 2676 727 2713 recepta
757 2678 857 2714 aunt3
887 2679 922 2705 et
948 2668 986 2704 id
1015 2669 1129 2715 ipsum
1155 2666 1201 2704 ait
1222 2664 1345 2702 Unum
1369 2674 1520 2714 oportet.

159 2729 254 2773 quod
276 2720 384 2763 τᾶλλα
407 2728 478 2767 aive
501 2729 732 2768 differentiam
755 2731 792 2768 in
817 2746 853 2770 se
878 2732 1065 2771 contineat.
