<?xml version="1.0" encoding="UTF-8"?>
<!DOCTYPE html PUBLIC "-//W3C//DTD XHTML 1.0 Transitional//EN"
    "http://www.w3.org/TR/xhtml1/DTD/xhtml1-transitional.dtd">
<html xmlns="http://www.w3.org/1999/xhtml" xml:lang="en" lang="en">
 <head>
  <title>
</title>
<meta http-equiv="Content-Type" content="text/html;charset=utf-8" />
  <meta name='ocr-system' content='tesseract 3.04.00' />
  <meta name='ocr-capabilities' content='ocr_page ocr_carea ocr_par ocr_line ocrx_word'/>
</head>
<body>
  <div class='ocr_page' id='page_1' title='image "4737240_0028.png"; bbox 0 0 1648 2971; ppageno 0'>
   <div class='ocr_carea' id='block_1_1' title="bbox 709 163 1000 208">
    <p class='ocr_par' dir='ltr' id='par_1_1' title="bbox 709 163 1000 208">
     <span class='ocr_line' id='line_1_1' title="bbox 709 163 1000 208; baseline 0 -10"><span class='ocrx_word' id='word_1_1' title='bbox 709 163 1000 208; x_wconf 73' lang='lat'>..22-</span> 
     </span>
    </p>
   </div>
   <div class='ocr_carea' id='block_1_2' title="bbox 166 270 1556 2742">
    <p class='ocr_par' dir='ltr' id='par_1_2' title="bbox 171 270 1532 394">
     <span class='ocr_line' id='line_1_2' title="bbox 172 270 1532 333; baseline 0 -16"><span class='ocrx_word' id='word_1_2' title='bbox 172 272 346 326; x_wconf 80' lang='lat' dir='ltr'><strong>theseos</strong></span> <span class='ocrx_word' id='word_1_3' title='bbox 360 271 511 318; x_wconf 83' lang='lat' dir='ltr'><strong>Unum</strong></span> <span class='ocrx_word' id='word_1_4' title='bbox 538 270 596 326; x_wconf 84' lang='lat' dir='ltr'><strong>id,</strong></span> <span class='ocrx_word' id='word_1_5' title='bbox 626 270 748 331; x_wconf 87' lang='lat' dir='ltr'><strong>quod</strong></span> <span class='ocrx_word' id='word_1_6' title='bbox 778 271 920 328; x_wconf 87' lang='lat' dir='ltr'><strong>dehet,</strong></span> <span class='ocrx_word' id='word_1_7' title='bbox 946 273 1118 333; x_wconf 88' lang='lat' dir='ltr'><strong>patitur,</strong></span> <span class='ocrx_word' id='word_1_8' title='bbox 1143 270 1426 331; x_wconf 86' lang='lat' dir='ltr'><strong>fitque-quod</strong></span> <span class='ocrx_word' id='word_1_9' title='bbox 1456 278 1532 325; x_wconf 86' lang='lat' dir='ltr'><strong>est,</strong></span> 
     </span>
     <span class='ocr_line' id='line_1_3' title="bbox 171 348 1291 394; baseline -0.003 0"><span class='ocrx_word' id='word_1_10' title='bbox 171 348 293 394; x_wconf 80' lang='lat' dir='ltr'><strong>nihil.</strong></span> <span class='ocrx_word' id='word_1_11' title='bbox 1287 356 1291 360; x_wconf 79' lang='grc'><strong>”</strong></span> 
     </span>
    </p>

    <p class='ocr_par' dir='ltr' id='par_1_3' title="bbox 169 422 1532 1010">
     <span class='ocr_line' id='line_1_4' title="bbox 294 422 1532 481; baseline -0.001 -14"><span class='ocrx_word' id='word_1_12' title='bbox 294 423 516 481; x_wconf 82' lang='lat' dir='ltr'><strong>Quantum</strong></span> <span class='ocrx_word' id='word_1_13' title='bbox 546 422 716 467; x_wconf 86' lang='lat' dir='ltr'><strong>intersit</strong></span> <span class='ocrx_word' id='word_1_14' title='bbox 744 422 958 476; x_wconf 82' lang='lat' dir='ltr'><strong>Platonis,</strong></span> <span class='ocrx_word' id='word_1_15' title='bbox 996 428 1040 467; x_wconf 92' lang='lat' dir='ltr'><strong>et</strong></span> <span class='ocrx_word' id='word_1_16' title='bbox 1066 428 1261 467; x_wconf 88' lang='lat' dir='ltr'><strong>naturam</strong></span> <span class='ocrx_word' id='word_1_17' title='bbox 1291 422 1532 480; x_wconf 87' lang='lat' dir='ltr'><strong>specierum</strong></span> 
     </span>
     <span class='ocr_line' id='line_1_5' title="bbox 172 496 1528 559; baseline -0.004 -14"><span class='ocrx_word' id='word_1_18' title='bbox 172 502 382 559; x_wconf 86' lang='lat' dir='ltr'><strong>ipsarum,</strong></span> <span class='ocrx_word' id='word_1_19' title='bbox 417 496 580 557; x_wconf 87' lang='lat' dir='ltr'><strong>quibus</strong></span> <span class='ocrx_word' id='word_1_20' title='bbox 618 501 744 557; x_wconf 90' lang='lat' dir='ltr'><strong>quasi</strong></span> <span class='ocrx_word' id='word_1_21' title='bbox 779 498 1029 543; x_wconf 70' lang='lat' dir='ltr'><strong>cardinibus</strong></span> <span class='ocrx_word' id='word_1_22' title='bbox 1067 498 1309 557; x_wconf 87' lang='lat' dir='ltr'><strong>disquisitio</strong></span> <span class='ocrx_word' id='word_1_23' title='bbox 1338 499 1528 550; x_wconf 88' lang='lat' dir='ltr'><strong>vertitur,</strong></span> 
     </span>
     <span class='ocr_line' id='line_1_6' title="bbox 171 572 1531 635; baseline 0.001 -17"><span class='ocrx_word' id='word_1_24' title='bbox 171 575 402 635; x_wconf 88' lang='lat' dir='ltr'><strong>explicare,</strong></span> <span class='ocrx_word' id='word_1_25' title='bbox 460 575 508 619; x_wconf 90' lang='lat' dir='ltr'><strong>in</strong></span> <span class='ocrx_word' id='word_1_26' title='bbox 550 574 631 619; x_wconf 91' lang='lat' dir='ltr'><strong>hac</strong></span> <span class='ocrx_word' id='word_1_27' title='bbox 673 575 809 634; x_wconf 84' lang='lat' dir='ltr'><strong>prima</strong></span> <span class='ocrx_word' id='word_1_28' title='bbox 848 573 1013 634; x_wconf 82' lang='lat' dir='ltr'><strong>dialogi</strong></span> <span class='ocrx_word' id='word_1_29' title='bbox 1056 576 1168 621; x_wconf 91' lang='lat' dir='ltr'><strong>serie</strong></span> <span class='ocrx_word' id='word_1_30' title='bbox 1207 575 1436 633; x_wconf 76' lang='lat' dir='ltr'><strong>praecipue</strong></span> <span class='ocrx_word' id='word_1_31' title='bbox 1475 572 1531 619; x_wconf 84' lang='lat' dir='ltr'><strong>dc</strong></span> 
     </span>
     <span class='ocr_line' id='line_1_7' title="bbox 171 648 1531 709; baseline -0.003 -13"><span class='ocrx_word' id='word_1_32' title='bbox 171 651 314 709; x_wconf 87' lang='grc' dir='ltr'>ὁμοίῳ</span> <span class='ocrx_word' id='word_1_33' title='bbox 352 658 399 695; x_wconf 85' lang='lat' dir='ltr'><strong>et</strong></span> <span class='ocrx_word' id='word_1_34' title='bbox 431 648 652 708; x_wconf 81' lang='grc' dir='ltr'><em>ἀνομοίῳ,</em></span> <span class='ocrx_word' id='word_1_35' title='bbox 696 651 751 695; x_wconf 87' lang='lat' dir='ltr'><strong>de</strong></span> <span class='ocrx_word' id='word_1_36' title='bbox 785 653 1066 709; x_wconf 79' lang='grc' dir='ltr'><strong><em>πρεσβυτέρῳ</em></strong></span> <span class='ocrx_word' id='word_1_37' title='bbox 1112 658 1155 695; x_wconf 85' lang='lat' dir='ltr'><strong>et</strong></span> <span class='ocrx_word' id='word_1_38' title='bbox 1189 652 1379 706; x_wconf 83' lang='grc' dir='ltr'><strong><em>νεωτέρῳ</em></strong></span> <span class='ocrx_word' id='word_1_39' title='bbox 1419 665 1531 707; x_wconf 90' lang='lat' dir='ltr'><strong>quae</strong></span> 
     </span>
     <span class='ocr_line' id='line_1_8' title="bbox 170 725 1525 784; baseline -0.002 -14"><span class='ocrx_word' id='word_1_40' title='bbox 170 725 326 780; x_wconf 81' lang='lat' dir='ltr'><strong>tradit,</strong></span> <span class='ocrx_word' id='word_1_41' title='bbox 366 728 469 771; x_wconf 85' lang='lat' dir='ltr'><strong>satis</strong></span> <span class='ocrx_word' id='word_1_42' title='bbox 501 725 677 770; x_wconf 88' lang='lat' dir='ltr'><strong>docent:</strong></span> <span class='ocrx_word' id='word_1_43' title='bbox 714 726 904 771; x_wconf 87' lang='lat' dir='ltr'><strong>secunda</strong></span> <span class='ocrx_word' id='word_1_44' title='bbox 941 728 1033 771; x_wconf 81' lang='lat' dir='ltr'><strong>fere</strong></span> <span class='ocrx_word' id='word_1_45' title='bbox 1067 734 1169 771; x_wconf 90' lang='lat' dir='ltr'><strong>tota.</strong></span> <span class='ocrx_word' id='word_1_46' title='bbox 1225 726 1352 784; x_wconf 80' lang='lat' dir='ltr'><strong>Quae</strong></span> <span class='ocrx_word' id='word_1_47' title='bbox 1382 726 1525 769; x_wconf 87' lang='lat' dir='ltr'><strong>omnia</strong></span> 
     </span>
     <span class='ocr_line' id='line_1_9' title="bbox 170 799 1529 859; baseline -0.003 -13"><span class='ocrx_word' id='word_1_48' title='bbox 170 809 334 846; x_wconf 89' lang='lat' dir='ltr'><strong>temere</strong></span> <span class='ocrx_word' id='word_1_49' title='bbox 378 808 421 844; x_wconf 92' lang='lat' dir='ltr'><strong>et</strong></span> <span class='ocrx_word' id='word_1_50' title='bbox 464 800 630 858; x_wconf 79' lang='lat' dir='ltr'><strong>absque</strong></span> <span class='ocrx_word' id='word_1_51' title='bbox 672 801 855 845; x_wconf 90' lang='lat' dir='ltr'><strong>consilio</strong></span> <span class='ocrx_word' id='word_1_52' title='bbox 899 802 1066 859; x_wconf 84' lang='lat' dir='ltr'><strong>adjecta</strong></span> <span class='ocrx_word' id='word_1_53' title='bbox 1102 802 1365 854; x_wconf 90' lang='lat' dir='ltr'><strong>viderentur,</strong></span> <span class='ocrx_word' id='word_1_54' title='bbox 1410 801 1446 842; x_wconf 89' lang='lat' dir='ltr'><strong>si</strong></span> <span class='ocrx_word' id='word_1_55' title='bbox 1482 799 1529 843; x_wconf 93' lang='lat' dir='ltr'><strong>id</strong></span> 
     </span>
     <span class='ocr_line' id='line_1_10' title="bbox 169 875 1526 936; baseline -0.001 -15"><span class='ocrx_word' id='word_1_56' title='bbox 169 884 333 921; x_wconf 87' lang='lat' dir='ltr'><strong>tantum</strong></span> <span class='ocrx_word' id='word_1_57' title='bbox 370 875 658 935; x_wconf 89' lang='lat' dir='ltr'><strong>philosophus</strong></span> <span class='ocrx_word' id='word_1_58' title='bbox 702 891 831 936; x_wconf 84' lang='lat' dir='ltr'><strong>agere</strong></span> <span class='ocrx_word' id='word_1_59' title='bbox 870 876 1102 930; x_wconf 88' lang='lat' dir='ltr'><strong>voluisset,</strong></span> <span class='ocrx_word' id='word_1_60' title='bbox 1147 883 1194 920; x_wconf 91' lang='lat' dir='ltr'><strong>ut</strong></span> <span class='ocrx_word' id='word_1_61' title='bbox 1234 877 1345 920; x_wconf 86' lang='lat' dir='ltr'><strong>sitne</strong></span> <span class='ocrx_word' id='word_1_62' title='bbox 1381 877 1526 920; x_wconf 91' lang='lat' dir='ltr'><strong>Unum</strong></span> 
     </span>
     <span class='ocr_line' id='line_1_11' title="bbox 170 957 582 1010; baseline -0.007 -13"><span class='ocrx_word' id='word_1_63' title='bbox 170 967 311 997; x_wconf 90' lang='lat' dir='ltr'><strong>necne</strong></span> <span class='ocrx_word' id='word_1_64' title='bbox 341 957 582 1010; x_wconf 86' lang='lat' dir='ltr'><strong>quaereret.</strong></span> 
     </span>
    </p>

    <p class='ocr_par' dir='ltr' id='par_1_4' title="bbox 166 1024 1556 2215">
     <span class='ocr_line' id='line_1_12' title="bbox 287 1024 1530 1085; baseline -0.003 -13"><span class='ocrx_word' id='word_1_65' title='bbox 287 1028 384 1072; x_wconf 89' lang='lat' dir='ltr'><strong>Nec</strong></span> <span class='ocrx_word' id='word_1_66' title='bbox 412 1033 577 1071; x_wconf 87' lang='lat' dir='ltr'><strong>tantum</strong></span> <span class='ocrx_word' id='word_1_67' title='bbox 608 1025 663 1071; x_wconf 88' lang='lat' dir='ltr'><strong>de</strong></span> <span class='ocrx_word' id='word_1_68' title='bbox 693 1026 873 1084; x_wconf 83' lang='lat' dir='ltr'><strong>singulis</strong></span> <span class='ocrx_word' id='word_1_69' title='bbox 904 1025 1164 1085; x_wconf 86' lang='lat' dir='ltr'><strong>quibusdam</strong></span> <span class='ocrx_word' id='word_1_70' title='bbox 1188 1024 1452 1077; x_wconf 88' lang='lat' dir='ltr'><strong>notionibus,</strong></span> <span class='ocrx_word' id='word_1_71' title='bbox 1483 1031 1530 1068; x_wconf 91' lang='lat' dir='ltr'><strong>ut</strong></span> 
     </span>
     <span class='ocr_line' id='line_1_13' title="bbox 171 1102 1530 1161; baseline -0.003 -14"><span class='ocrx_word' id='word_1_72' title='bbox 171 1103 229 1147; x_wconf 86' lang='lat' dir='ltr'><strong>de</strong></span> <span class='ocrx_word' id='word_1_73' title='bbox 258 1104 311 1146; x_wconf 86' lang='lat' dir='ltr'><strong>iis</strong></span> <span class='ocrx_word' id='word_1_74' title='bbox 342 1117 450 1161; x_wconf 88' lang='lat' dir='ltr'><strong>quas</strong></span> <span class='ocrx_word' id='word_1_75' title='bbox 480 1117 611 1161; x_wconf 88' lang='lat' dir='ltr'><strong>supra</strong></span> <span class='ocrx_word' id='word_1_76' title='bbox 641 1104 889 1160; x_wconf 85' lang='lat' dir='ltr'><strong>posuimus,</strong></span> <span class='ocrx_word' id='word_1_77' title='bbox 926 1102 1012 1146; x_wconf 93' lang='lat' dir='ltr'><strong>hoc</strong></span> <span class='ocrx_word' id='word_1_78' title='bbox 1040 1102 1172 1156; x_wconf 81' lang='lat' dir='ltr'><strong>valet,</strong></span> <span class='ocrx_word' id='word_1_79' title='bbox 1205 1102 1281 1146; x_wconf 86' lang='lat' dir='ltr'><strong>sed</strong></span> <span class='ocrx_word' id='word_1_80' title='bbox 1311 1102 1366 1146; x_wconf 85' lang='lat' dir='ltr'><strong>de</strong></span> <span class='ocrx_word' id='word_1_81' title='bbox 1396 1102 1530 1147; x_wconf 88' lang='lat' dir='ltr'><strong>omni-</strong></span> 
     </span>
     <span class='ocr_line' id='line_1_14' title="bbox 168 1178 1528 1236; baseline -0.001 -13"><span class='ocrx_word' id='word_1_82' title='bbox 168 1179 254 1223; x_wconf 85' lang='lat' dir='ltr'><strong>hus</strong></span> <span class='ocrx_word' id='word_1_83' title='bbox 286 1186 329 1223; x_wconf 93' lang='lat' dir='ltr'><strong>et</strong></span> <span class='ocrx_word' id='word_1_84' title='bbox 358 1178 413 1223; x_wconf 91' lang='lat' dir='ltr'><strong>de</strong></span> <span class='ocrx_word' id='word_1_85' title='bbox 441 1185 535 1223; x_wconf 86' lang='lat' dir='ltr'><strong>toto</strong></span> <span class='ocrx_word' id='word_1_86' title='bbox 566 1179 832 1236; x_wconf 86' lang='lat' dir='ltr'><strong>quaestionis</strong></span> <span class='ocrx_word' id='word_1_87' title='bbox 863 1178 1106 1236; x_wconf 84' lang='lat' dir='ltr'><strong>complexu.</strong></span> <span class='ocrx_word' id='word_1_88' title='bbox 1163 1180 1218 1222; x_wconf 89' lang='lat' dir='ltr'><strong>lis</strong></span> <span class='ocrx_word' id='word_1_89' title='bbox 1249 1180 1361 1222; x_wconf 91' lang='lat' dir='ltr'><strong>enim</strong></span> <span class='ocrx_word' id='word_1_90' title='bbox 1390 1178 1528 1236; x_wconf 87' lang='lat' dir='ltr'><strong>hypo-</strong></span> 
     </span>
     <span class='ocr_line' id='line_1_15' title="bbox 170 1253 1532 1313; baseline -0.002 -14"><span class='ocrx_word' id='word_1_91' title='bbox 170 1256 345 1300; x_wconf 88' lang='lat' dir='ltr'><strong>theseos</strong></span> <span class='ocrx_word' id='word_1_92' title='bbox 375 1253 541 1307; x_wconf 84' lang='lat' dir='ltr'><strong>verbis,</strong></span> <span class='ocrx_word' id='word_1_93' title='bbox 577 1253 736 1312; x_wconf 89' lang='lat' dir='ltr'><strong>quibus</strong></span> <span class='ocrx_word' id='word_1_94' title='bbox 773 1254 1039 1297; x_wconf 83' lang='lat' dir='ltr'><strong>strictissime</strong></span> <span class='ocrx_word' id='word_1_95' title='bbox 1077 1254 1429 1313; x_wconf 89' lang='lat' dir='ltr'><strong>comprehensum</strong></span> <span class='ocrx_word' id='word_1_96' title='bbox 1467 1259 1532 1296; x_wconf 89' lang='lat' dir='ltr'><strong>est</strong></span> 
     </span>
     <span class='ocr_line' id='line_1_16' title="bbox 169 1322 1532 1388; baseline -0.002 -14"><span class='ocrx_word' id='word_1_97' title='bbox 169 1322 409 1388; x_wconf 74' lang='lat' dir='ltr'><strong>argumenti</strong></span> <span class='ocrx_word' id='word_1_98' title='bbox 439 1337 586 1388; x_wconf 86' lang='lat' dir='ltr'><strong>caput:</strong></span> <span class='ocrx_word' id='word_1_99' title='bbox 618 1325 763 1382; x_wconf 57' lang='lat' dir='ltr'><strong>„dud</strong></span> <span class='ocrx_word' id='word_1_100' title='bbox 796 1326 885 1385; x_wconf 79' lang='grc' dir='ltr'><strong>μὴν</strong></span> <span class='ocrx_word' id='word_1_101' title='bbox 922 1327 962 1372; x_wconf 75' lang='grc' dir='ltr'><strong>εἴ</strong></span> <span class='ocrx_word' id='word_1_102' title='bbox 988 1345 1030 1372; x_wconf 82' lang='grc' dir='ltr'><strong>τι</strong></span> <span class='ocrx_word' id='word_1_103' title='bbox 1058 1330 1269 1373; x_wconf 75' lang='grc' dir='ltr'><strong><em>πέπονθε·</em></strong></span> <span class='ocrx_word' id='word_1_104' title='bbox 1288 1330 1422 1387; x_wconf 81' lang='grc' dir='ltr'><strong><em>χωρίς</em></strong></span> <span class='ocrx_word' id='word_1_105' title='bbox 1449 1327 1532 1371; x_wconf 84' lang='grc' dir='ltr'><strong>τοῦ</strong></span> 
     </span>
     <span class='ocr_line' id='line_1_17' title="bbox 172 1399 1528 1457; baseline -0.002 -8"><span class='ocrx_word' id='word_1_106' title='bbox 172 1402 223 1450; x_wconf 79' lang='grc' dir='ltr'><strong>ἓν</strong></span> <span class='ocrx_word' id='word_1_107' title='bbox 251 1401 364 1449; x_wconf 79' lang='grc' dir='ltr'><strong><em>εἶναι</em></strong></span> <span class='ocrx_word' id='word_1_108' title='bbox 392 1402 442 1449; x_wconf 83' lang='grc' dir='ltr'><strong>τὸ</strong></span> <span class='ocrx_word' id='word_1_109' title='bbox 474 1407 532 1455; x_wconf 65' lang='grc' dir='ltr'><strong>ἓν,</strong></span> <span class='ocrx_word' id='word_1_110' title='bbox 562 1404 694 1448; x_wconf 80' lang='grc' dir='ltr'><em>πλείω</em></span> <span class='ocrx_word' id='word_1_111' title='bbox 726 1402 782 1446; x_wconf 79' lang='grc' dir='ltr'><strong>ἄν</strong></span> <span class='ocrx_word' id='word_1_112' title='bbox 810 1399 923 1447; x_wconf 76' lang='grc' dir='ltr'><strong><em>εἶναι</em></strong></span> <span class='ocrx_word' id='word_1_113' title='bbox 951 1402 1176 1447; x_wconf 75' lang='grc' dir='ltr'><strong><em>πεπόνθοι</em></strong></span> <span class='ocrx_word' id='word_1_114' title='bbox 1202 1402 1231 1457; x_wconf 82' lang='grc' dir='ltr'>ἥ</span> <span class='ocrx_word' id='word_1_115' title='bbox 1258 1403 1347 1447; x_wconf 77' lang='grc' dir='ltr'><strong><em>ἕν.”</em></strong></span> <span class='ocrx_word' id='word_1_116' title='bbox 1396 1403 1528 1447; x_wconf 88' lang='lat' dir='ltr'><strong>finem</strong></span> 
     </span>
     <span class='ocr_line' id='line_1_18' title="bbox 170 1478 1528 1537; baseline -0.001 -14"><span class='ocrx_word' id='word_1_117' title='bbox 170 1495 298 1524; x_wconf 87' lang='lat' dir='ltr'><strong>suum</strong></span> <span class='ocrx_word' id='word_1_118' title='bbox 335 1487 531 1524; x_wconf 89' lang='lat' dir='ltr'><strong>assecuta</strong></span> <span class='ocrx_word' id='word_1_119' title='bbox 569 1486 634 1523; x_wconf 89' lang='lat' dir='ltr'><strong>est</strong></span> <span class='ocrx_word' id='word_1_120' title='bbox 669 1480 816 1522; x_wconf 89' lang='lat' dir='ltr'><strong>series.</strong></span> <span class='ocrx_word' id='word_1_121' title='bbox 877 1478 1045 1523; x_wconf 88' lang='lat' dir='ltr'><strong>Omnes</strong></span> <span class='ocrx_word' id='word_1_122' title='bbox 1081 1479 1160 1522; x_wconf 89' lang='lat' dir='ltr'><strong>has</strong></span> <span class='ocrx_word' id='word_1_123' title='bbox 1193 1481 1394 1522; x_wconf 92' lang='lat' dir='ltr'><strong>notiones</strong></span> <span class='ocrx_word' id='word_1_124' title='bbox 1426 1494 1528 1537; x_wconf 88' lang='lat' dir='ltr'><strong>qua-</strong></span> 
     </span>
     <span class='ocr_line' id='line_1_19' title="bbox 170 1554 1528 1614; baseline -0.001 -14"><span class='ocrx_word' id='word_1_125' title='bbox 170 1571 264 1601; x_wconf 90' lang='lat' dir='ltr'><strong>rum</strong></span> <span class='ocrx_word' id='word_1_126' title='bbox 303 1557 520 1614; x_wconf 88' lang='lat' dir='ltr'><strong>particeps</strong></span> <span class='ocrx_word' id='word_1_127' title='bbox 557 1570 653 1598; x_wconf 88' lang='lat' dir='ltr'><strong>esse</strong></span> <span class='ocrx_word' id='word_1_128' title='bbox 689 1556 834 1598; x_wconf 88' lang='lat' dir='ltr'><strong>Unum</strong></span> <span class='ocrx_word' id='word_1_129' title='bbox 872 1554 1088 1612; x_wconf 84' lang='lat' dir='ltr'><strong>sigillatim</strong></span> <span class='ocrx_word' id='word_1_130' title='bbox 1127 1561 1268 1611; x_wconf 82' lang='lat' dir='ltr'><strong>negat,</strong></span> <span class='ocrx_word' id='word_1_131' title='bbox 1315 1557 1405 1599; x_wconf 86' lang='lat' dir='ltr'><strong>Uni</strong></span> <span class='ocrx_word' id='word_1_132' title='bbox 1444 1556 1528 1613; x_wconf 89' lang='lat' dir='ltr'><strong>ipsi</strong></span> 
     </span>
     <span class='ocr_line' id='line_1_20' title="bbox 169 1629 1530 1689; baseline -0.002 -14"><span class='ocrx_word' id='word_1_133' title='bbox 169 1632 279 1676; x_wconf 85' lang='lat' dir='ltr'><strong>nihil</strong></span> <span class='ocrx_word' id='word_1_134' title='bbox 307 1631 541 1689; x_wconf 87' lang='lat' dir='ltr'><strong>quidquam</strong></span> <span class='ocrx_word' id='word_1_135' title='bbox 571 1630 753 1683; x_wconf 82' lang='lat' dir='ltr'><strong>adferre,</strong></span> <span class='ocrx_word' id='word_1_136' title='bbox 784 1645 910 1687; x_wconf 89' lang='lat' dir='ltr'><strong>quam</strong></span> <span class='ocrx_word' id='word_1_137' title='bbox 941 1632 1081 1689; x_wconf 88' lang='lat' dir='ltr'><strong>ipsum</strong></span> <span class='ocrx_word' id='word_1_138' title='bbox 1111 1630 1218 1673; x_wconf 88' lang='lat' dir='ltr'><strong>illud</strong></span> <span class='ocrx_word' id='word_1_139' title='bbox 1249 1631 1380 1684; x_wconf 89' lang='lat' dir='ltr'><strong>Nihil,</strong></span> <span class='ocrx_word' id='word_1_140' title='bbox 1411 1629 1530 1688; x_wconf 88' lang='lat' dir='ltr'><strong>quod</strong></span> 
     </span>
     <span class='ocr_line' id='line_1_21' title="bbox 169 1691 1556 1765; baseline -0.001 -15"><span class='ocrx_word' id='word_1_141' title='bbox 169 1707 245 1751; x_wconf 88' lang='lat' dir='ltr'><strong>illa</strong></span> <span class='ocrx_word' id='word_1_142' title='bbox 274 1706 569 1764; x_wconf 78' lang='lat' dir='ltr'><strong>hypotheseos</strong></span> <span class='ocrx_word' id='word_1_143' title='bbox 601 1704 827 1762; x_wconf 88' lang='lat' dir='ltr'><strong>explicatio</strong></span> <span class='ocrx_word' id='word_1_144' title='bbox 856 1708 941 1764; x_wconf 82' lang='lat' dir='ltr'><strong>jam</strong></span> <span class='ocrx_word' id='word_1_145' title='bbox 972 1691 1287 1765; x_wconf 84' lang='lat' dir='ltr'><strong>complectitur,</strong></span> <span class='ocrx_word' id='word_1_146' title='bbox 1319 1714 1360 1749; x_wconf 89' lang='lat' dir='ltr'><strong>et</strong></span> <span class='ocrx_word' id='word_1_147' title='bbox 1390 1721 1439 1748; x_wconf 87' lang='lat' dir='ltr'><strong>ex</strong></span> <span class='ocrx_word' id='word_1_148' title='bbox 1470 1720 1524 1749; x_wconf 91' lang='lat' dir='ltr'><strong>eo</strong></span> <span class='ocrx_word' id='word_1_149' title='bbox 1552 1731 1556 1734; x_wconf 89' lang='lat'><em>-</em></span> 
     </span>
     <span class='ocr_line' id='line_1_22' title="bbox 169 1764 1530 1840; baseline -0.003 -15"><span class='ocrx_word' id='word_1_150' title='bbox 169 1789 301 1840; x_wconf 86' lang='lat' dir='ltr'><strong>patet,</strong></span> <span class='ocrx_word' id='word_1_151' title='bbox 332 1780 451 1840; x_wconf 91' lang='lat' dir='ltr'><strong>quod</strong></span> <span class='ocrx_word' id='word_1_152' title='bbox 481 1795 608 1824; x_wconf 91' lang='lat' dir='ltr'><strong>omne</strong></span> <span class='ocrx_word' id='word_1_153' title='bbox 625 1780 869 1824; x_wconf 91' lang='lat' dir='ltr'><strong>attributum</strong></span> <span class='ocrx_word' id='word_1_154' title='bbox 894 1798 944 1826; x_wconf 91' lang='lat' dir='ltr'><strong>ac</strong></span> <span class='ocrx_word' id='word_1_155' title='bbox 960 1783 1128 1834; x_wconf 89' lang='lat' dir='ltr'><strong>modus,</strong></span> <span class='ocrx_word' id='word_1_156' title='bbox 1157 1783 1230 1839; x_wconf 90' lang='lat' dir='ltr'><strong>qui</strong></span> <span class='ocrx_word' id='word_1_157' title='bbox 1253 1783 1300 1823; x_wconf 87' lang='lat' dir='ltr'><strong>ei</strong></span> <span class='ocrx_word' id='word_1_158' title='bbox 1331 1788 1377 1823; x_wconf 88' lang='lat' dir='ltr'><strong>ut</strong></span> <span class='ocrx_word' id='word_1_159' title='bbox 1407 1764 1530 1836; x_wconf 84' lang='lat' dir='ltr'><strong>prae-</strong></span> 
     </span>
     <span class='ocr_line' id='line_1_23' title="bbox 170 1853 1529 1915; baseline -0.005 -12"><span class='ocrx_word' id='word_1_160' title='bbox 170 1860 336 1903; x_wconf 90' lang='lat' dir='ltr'><strong>dicatus</strong></span> <span class='ocrx_word' id='word_1_161' title='bbox 373 1857 583 1915; x_wconf 90' lang='lat' dir='ltr'><strong>impertiri</strong></span> <span class='ocrx_word' id='word_1_162' title='bbox 615 1855 936 1913; x_wconf 91' lang='lat' dir='ltr'><strong>quodammodo</strong></span> <span class='ocrx_word' id='word_1_163' title='bbox 973 1858 1161 1908; x_wconf 87' lang='lat' dir='ltr'><strong>videtur,</strong></span> <span class='ocrx_word' id='word_1_164' title='bbox 1201 1871 1262 1898; x_wconf 85' lang='lat' dir='ltr'><strong>ex.</strong></span> <span class='ocrx_word' id='word_1_165' title='bbox 1293 1870 1353 1912; x_wconf 81' lang='lat' dir='ltr'><strong>gr.</strong></span> <span class='ocrx_word' id='word_1_166' title='bbox 1384 1853 1529 1897; x_wconf 84' lang='lat' dir='ltr'><strong>infini-</strong></span> 
     </span>
     <span class='ocr_line' id='line_1_24' title="bbox 166 1929 1528 1989; baseline -0.005 -11"><span class='ocrx_word' id='word_1_167' title='bbox 166 1943 269 1985; x_wconf 90' lang='lat' dir='ltr'><strong>tum,</strong></span> <span class='ocrx_word' id='word_1_168' title='bbox 298 1930 519 1976; x_wconf 87' lang='lat' dir='ltr'><strong>immobile</strong></span> <span class='ocrx_word' id='word_1_169' title='bbox 549 1937 627 1974; x_wconf 89' lang='lat' dir='ltr'><strong>etc.</strong></span> <span class='ocrx_word' id='word_1_170' title='bbox 656 1946 794 1988; x_wconf 88' lang='lat' dir='ltr'><strong>aeque</strong></span> <span class='ocrx_word' id='word_1_171' title='bbox 825 1939 870 1974; x_wconf 90' lang='lat' dir='ltr'><strong>ut</strong></span> <span class='ocrx_word' id='word_1_172' title='bbox 900 1932 1152 1989; x_wconf 84' lang='lat' dir='ltr'><strong>hypothesis</strong></span> <span class='ocrx_word' id='word_1_173' title='bbox 1182 1934 1276 1989; x_wconf 90' lang='lat' dir='ltr'><strong>ipsa</strong></span> <span class='ocrx_word' id='word_1_174' title='bbox 1308 1944 1362 1973; x_wconf 89' lang='lat' dir='ltr'><strong>eo</strong></span> <span class='ocrx_word' id='word_1_175' title='bbox 1387 1929 1528 1972; x_wconf 87' lang='lat' dir='ltr'><strong>exclu-</strong></span> 
     </span>
     <span class='ocr_line' id='line_1_25' title="bbox 169 2005 1526 2066; baseline -0.004 -13"><span class='ocrx_word' id='word_1_176' title='bbox 169 2009 296 2061; x_wconf 89' lang='lat' dir='ltr'><strong>ditur,</strong></span> <span class='ocrx_word' id='word_1_177' title='bbox 327 2005 447 2064; x_wconf 90' lang='lat' dir='ltr'><strong>quod</strong></span> <span class='ocrx_word' id='word_1_178' title='bbox 477 2022 628 2050; x_wconf 87' lang='lat' dir='ltr'><strong>revera</strong></span> <span class='ocrx_word' id='word_1_179' title='bbox 658 2008 704 2050; x_wconf 91' lang='lat' dir='ltr'><strong>in</strong></span> <span class='ocrx_word' id='word_1_180' title='bbox 735 2007 962 2066; x_wconf 85' lang='lat' dir='ltr'><strong>hypothesi</strong></span> <span class='ocrx_word' id='word_1_181' title='bbox 985 2008 1089 2051; x_wconf 87' lang='lat' dir='ltr'><strong>nihil</strong></span> <span class='ocrx_word' id='word_1_182' title='bbox 1116 2006 1232 2051; x_wconf 88' lang='lat' dir='ltr'><strong>aliud</strong></span> <span class='ocrx_word' id='word_1_183' title='bbox 1248 2008 1370 2058; x_wconf 90' lang='lat' dir='ltr'><strong>inest,</strong></span> <span class='ocrx_word' id='word_1_184' title='bbox 1399 2020 1526 2063; x_wconf 90' lang='lat' dir='ltr'><strong>quam</strong></span> 
     </span>
     <span class='ocr_line' id='line_1_26' title="bbox 167 2081 1527 2142; baseline -0.002 -16"><span class='ocrx_word' id='word_1_185' title='bbox 167 2082 279 2127; x_wconf 87' lang='lat' dir='ltr'><strong>illud</strong></span> <span class='ocrx_word' id='word_1_186' title='bbox 310 2081 448 2133; x_wconf 91' lang='lat' dir='ltr'><strong>Nihil,</strong></span> <span class='ocrx_word' id='word_1_187' title='bbox 479 2081 598 2138; x_wconf 88' lang='lat' dir='ltr'><strong>quod</strong></span> <span class='ocrx_word' id='word_1_188' title='bbox 628 2096 769 2139; x_wconf 88' lang='lat' dir='ltr'><strong>neque</strong></span> <span class='ocrx_word' id='word_1_189' title='bbox 800 2082 970 2127; x_wconf 88' lang='lat' dir='ltr'><strong>definiri</strong></span> <span class='ocrx_word' id='word_1_190' title='bbox 1000 2097 1142 2142; x_wconf 90' lang='lat' dir='ltr'><strong>neque</strong></span> <span class='ocrx_word' id='word_1_191' title='bbox 1172 2083 1350 2139; x_wconf 80' lang='lat' dir='ltr'><strong>cogitari</strong></span> <span class='ocrx_word' id='word_1_192' title='bbox 1384 2095 1527 2139; x_wconf 89' lang='lat' dir='ltr'><strong>neque</strong></span> 
     </span>
     <span class='ocr_line' id='line_1_27' title="bbox 166 2157 561 2215; baseline -0.013 -11"><span class='ocrx_word' id='word_1_193' title='bbox 166 2159 382 2204; x_wconf 85' lang='lat' dir='ltr'><strong>nominari</strong></span> <span class='ocrx_word' id='word_1_194' title='bbox 412 2157 561 2215; x_wconf 83' lang='lat' dir='ltr'><strong>possit.</strong></span> 
     </span>
    </p>

    <p class='ocr_par' dir='ltr' id='par_1_5' title="bbox 166 2229 1529 2666">
     <span class='ocr_line' id='line_1_28' title="bbox 288 2229 1526 2289; baseline -0.002 -14"><span class='ocrx_word' id='word_1_195' title='bbox 288 2232 422 2289; x_wconf 86' lang='lat' dir='ltr'><strong>Quod</strong></span> <span class='ocrx_word' id='word_1_196' title='bbox 454 2232 657 2275; x_wconf 87' lang='lat' dir='ltr'><strong>Socrates</strong></span> <span class='ocrx_word' id='word_1_197' title='bbox 687 2232 731 2273; x_wconf 89' lang='lat' dir='ltr'><strong>in</strong></span> <span class='ocrx_word' id='word_1_198' title='bbox 764 2232 943 2276; x_wconf 84' lang='lat' dir='ltr'><strong>exordio</strong></span> <span class='ocrx_word' id='word_1_199' title='bbox 972 2232 1292 2284; x_wconf 90' lang='lat' dir='ltr'><strong>„admiratione</strong></span> <span class='ocrx_word' id='word_1_200' title='bbox 1323 2229 1526 2288; x_wconf 81' lang='lat' dir='ltr'><strong>dignum&#39;&#39;</strong></span> 
     </span>
     <span class='ocr_line' id='line_1_29' title="bbox 168 2302 1527 2366; baseline -0.002 -15"><span class='ocrx_word' id='word_1_201' title='bbox 168 2307 356 2366; x_wconf 75' lang='lat' dir='ltr'><strong>profert:</strong></span> <span class='ocrx_word' id='word_1_202' title='bbox 394 2311 438 2350; x_wconf 81' lang='grc' dir='ltr'><strong>ὲν</strong></span> <span class='ocrx_word' id='word_1_203' title='bbox 473 2310 650 2358; x_wconf 81' lang='grc' dir='ltr'><em>ἑαυτοῖς</em></span> <span class='ocrx_word' id='word_1_204' title='bbox 687 2306 827 2350; x_wconf 84' lang='grc' dir='ltr'><em>ταῦτα</em></span> <span class='ocrx_word' id='word_1_205' title='bbox 865 2304 943 2360; x_wconf 80' lang='grc' dir='ltr'><strong>(τὰ</strong></span> <span class='ocrx_word' id='word_1_206' title='bbox 974 2305 1085 2361; x_wconf 78' lang='grc' dir='ltr'>εἴδη)</span> <span class='ocrx_word' id='word_1_207' title='bbox 1124 2302 1348 2363; x_wconf 76' lang='grc' dir='ltr'><strong><em>δυνάμενα</em></strong></span> <span class='ocrx_word' id='word_1_208' title='bbox 1377 2320 1527 2363; x_wconf 80' lang='grc' dir='ltr'><em>συγκε-</em></span> 
     </span>
     <span class='ocr_line' id='line_1_30' title="bbox 166 2381 1525 2438; baseline -0.001 -13"><span class='ocrx_word' id='word_1_209' title='bbox 166 2381 429 2438; x_wconf 73' lang='grc' dir='ltr'><strong><em>ράννυσθαι</em></strong></span> <span class='ocrx_word' id='word_1_210' title='bbox 470 2384 547 2424; x_wconf 87' lang='grc' dir='ltr'><strong>καὶ</strong></span> <span class='ocrx_word' id='word_1_211' title='bbox 591 2382 907 2438; x_wconf 70' lang='grc' dir='ltr'><strong><em>διακρίνεσθαι</em></strong></span> <span class='ocrx_word' id='word_1_212' title='bbox 940 2404 1000 2415; x_wconf 90' lang='grc'>-</span> <span class='ocrx_word' id='word_1_213' title='bbox 1039 2382 1132 2432; x_wconf 59' lang='lat' dir='ltr'><strong>‚hoc</strong></span> <span class='ocrx_word' id='word_1_214' title='bbox 1177 2388 1243 2424; x_wconf 90' lang='lat' dir='ltr'><strong>est·</strong></span> <span class='ocrx_word' id='word_1_215' title='bbox 1280 2382 1355 2425; x_wconf 85' lang='lat' dir='ltr'><strong>ille</strong></span> <span class='ocrx_word' id='word_1_216' title='bbox 1400 2396 1525 2438; x_wconf 88' lang='lat' dir='ltr'><strong>quem</strong></span> 
     </span>
     <span class='ocr_line' id='line_1_31' title="bbox 168 2456 1529 2514; baseline -0.001 -15"><span class='ocrx_word' id='word_1_217' title='bbox 168 2456 294 2499; x_wconf 90' lang='lat' dir='ltr'><strong>Plato</strong></span> <span class='ocrx_word' id='word_1_218' title='bbox 325 2457 508 2513; x_wconf 84' lang='lat' dir='ltr'><strong>appetit,</strong></span> <span class='ocrx_word' id='word_1_219' title='bbox 543 2456 865 2514; x_wconf 89' lang='lat' dir='ltr'><strong>disciplinarum</strong></span> <span class='ocrx_word' id='word_1_220' title='bbox 907 2464 949 2500; x_wconf 88' lang='lat' dir='ltr'><strong>et</strong></span> <span class='ocrx_word' id='word_1_221' title='bbox 985 2457 1336 2506; x_wconf 79' lang='lat' dir='ltr'><strong>artiuinnexus,</strong></span> <span class='ocrx_word' id='word_1_222' title='bbox 1376 2457 1450 2513; x_wconf 91' lang='lat' dir='ltr'><strong>qui</strong></span> <span class='ocrx_word' id='word_1_223' title='bbox 1489 2458 1529 2498; x_wconf 92' lang='lat' dir='ltr'><strong>ei</strong></span> 
     </span>
     <span class='ocr_line' id='line_1_32' title="bbox 169 2532 1528 2593; baseline 0 -17"><span class='ocrx_word' id='word_1_224' title='bbox 169 2534 216 2576; x_wconf 88' lang='lat' dir='ltr'><strong>in</strong></span> <span class='ocrx_word' id='word_1_225' title='bbox 243 2532 487 2590; x_wconf 87' lang='lat' dir='ltr'><strong>specierum</strong></span> <span class='ocrx_word' id='word_1_226' title='bbox 516 2533 720 2576; x_wconf 89' lang='lat' dir='ltr'><strong>societate</strong></span> <span class='ocrx_word' id='word_1_227' title='bbox 752 2548 984 2593; x_wconf 90' lang='lat' dir='ltr'><strong>earumque</strong></span> <span class='ocrx_word' id='word_1_228' title='bbox 1013 2533 1059 2576; x_wconf 92' lang='lat' dir='ltr'><strong>in</strong></span> <span class='ocrx_word' id='word_1_229' title='bbox 1085 2534 1388 2577; x_wconf 89' lang='lat' dir='ltr'><strong>communione</strong></span> <span class='ocrx_word' id='word_1_230' title='bbox 1416 2533 1528 2576; x_wconf 88' lang='lat' dir='ltr'><strong>inter</strong></span> 
     </span>
     <span class='ocr_line' id='line_1_33' title="bbox 171 2609 676 2666; baseline -0.004 -14"><span class='ocrx_word' id='word_1_231' title='bbox 171 2623 219 2652; x_wconf 88' lang='lat' dir='ltr'><strong>se</strong></span> <span class='ocrx_word' id='word_1_232' title='bbox 247 2611 435 2666; x_wconf 89' lang='lat' dir='ltr'><strong>ipsarum</strong></span> <span class='ocrx_word' id='word_1_233' title='bbox 467 2609 676 2652; x_wconf 85' lang='lat' dir='ltr'><strong>consistit.</strong></span> 
     </span>
    </p>

    <p class='ocr_par' dir='ltr' id='par_1_6' title="bbox 286 2680 1528 2742">
     <span class='ocr_line' id='line_1_34' title="bbox 286 2680 1528 2742; baseline 0 -17"><span class='ocrx_word' id='word_1_234' title='bbox 286 2684 335 2725; x_wconf 92' lang='lat' dir='ltr'><strong>In</strong></span> <span class='ocrx_word' id='word_1_235' title='bbox 364 2684 500 2740; x_wconf 88' lang='lat' dir='ltr'><strong>prima</strong></span> <span class='ocrx_word' id='word_1_236' title='bbox 531 2685 642 2728; x_wconf 89' lang='lat' dir='ltr'><strong>serie</strong></span> <span class='ocrx_word' id='word_1_237' title='bbox 671 2684 836 2742; x_wconf 90' lang='lat' dir='ltr'><strong>species</strong></span> <span class='ocrx_word' id='word_1_238' title='bbox 863 2683 947 2729; x_wconf 83' lang='grc' dir='ltr'><strong>τοῦ</strong></span> <span class='ocrx_word' id='word_1_239' title='bbox 969 2681 1080 2736; x_wconf 80' lang='grc' dir='ltr'><strong><em>ἑνός,</em></strong></span> <span class='ocrx_word' id='word_1_240' title='bbox 1108 2683 1195 2729; x_wconf 85' lang='grc' dir='ltr'><strong>τῶν</strong></span> <span class='ocrx_word' id='word_1_241' title='bbox 1212 2682 1400 2736; x_wconf 79' lang='grc' dir='ltr'><strong><em>πολλῶν,</em></strong></span> <span class='ocrx_word' id='word_1_242' title='bbox 1428 2680 1528 2726; x_wconf 83' lang='grc' dir='ltr'><strong>ταύ-</strong></span> 
     </span>
    </p>
   </div>
  </div>
 </body>
</html>
