1648 2971
661 200 950 245 ...15-

121 314 375 371 cognoverit
393 327 549 358 nexum
579 314 808 365 internum,
838 312 959 371 quod
989 315 1036 357 ei·
1060 310 1365 371 opponebatur
1392 327 1482 357 non

119 391 204 433 nisi
241 391 425 447 imagine
461 396 504 432 et
539 389 863 447 comparatione
899 389 1083 432 refutare
1118 386 1247 431 valet.
1316 388 1483 432 Laudat

121 468 346 524 imaginem
376 465 652 509 Parmenides
682 464 894 522 aliamque
924 467 1121 523 opponit,
1153 477 1266 523 quae
1297 478 1321 506 e
1351 466 1484 507 totius

122 557 172 585 ac
201 544 383 599 partium
422 541 632 585 relatione
668 542 846 598 repetita
879 546 963 592 est,
999 547 1046 582 ut
1077 541 1277 583 Socrates
1298 554 1429 583 ‘suam
1460 555 1485 582 e

120 632 227 661 vero
257 632 371 660 nexu
401 622 630 666 sumserat3
659 631 761 659 vere
790 617 921 674 igitur
951 630 1042 658 eam
1071 615 1166 659 non
1187 616 1356 659 refutat.
1406 618 1484 659 At-

120 699 260 735 tamen
296 691 455 751 probat
492 690 710 743 Socrates,
748 692 943 748 quamvis
983 690 1241 734 dubitanter.
1311 692 1367 733 At
1405 706 1485 734 cur

119 767 306 828 probat?
350 768 452 826 quia
481 773 642 810 tantum
672 767 895 824 imaginem
926 766 1142 820 attulerat;
1178 780 1292 809 nexu
1322 766 1484 810 scilicet

120 844 202 889 τοῦ
230 841 326 895 ἑνός
351 844 430 887 καὶ
457 842 545 887 τῶν
573 842 749 886 πολλῶν
776 842 971 887 nondum
1005 842 1317 895 demonstrato,
1353 844 1486 902 impe*-

122 919 216 963 dire
245 934 336 963 non
366 925 528 976 potest,
566 933 654 975 quo
686 920 827 961 minus
864 933 967 961 vere
996 921 1138 976 posita
1168 919 1256 962 diei
1286 920 1428 977 imago
1458 934 1484 963 a

120 993 376 1037 Parmenide
407 999 724 1048 corrumpatur,
764 998 806 1034 et
842 991 978 1034 divini
1014 992 1103 1035 diei
1131 1007 1229 1050 pars
1260 1008 1356 1036 cum
1386 994 1485 1037 vilis

120 1067 345 1111 velaminis
375 1073 498 1124 parte
528 1070 825 1109 commutetur.

237 1143 351 1186 Tum
380 1141 520 1198 pergit
549 1139 825 1184 Parmenides
863 1134 1022 1196 ηοῖμαί
1051 1153 1100 1184 σε
1129 1144 1175 1184 ἐκ
1203 1141 1287 1186 τοῦ
1315 1142 1489 1187 τοιοῦδε

121 1218 168 1262 ἓν
205 1220 390 1261 ἕκαστον
427 1214 544 1266 εἶδος
577 1213 759 1258 οἴεσθαι
792 1212 927 1258 εἶναι·
968 1212 1079 1259 ὅταν
1107 1213 1231 1259 πόλλ’
1275 1215 1389 1261 ἄττα
1416 1233 1486 1275 με·

121 1290 240 1352 γάλα
269 1306 341 1336 σοι
371 1289 477 1352 δόξῃ
506 1287 638 1342 εἶναι,
681 1292 765 1347 μία
801 1306 867 1341 τις
905 1288 1008 1342 ἴσως
1035 1291 1157 1336 δοκεῖ
1185 1292 1280 1336 ἰδέα
1308 1291 1336 1346 ἡ
1368 1289 1484 1346 αὐτὴ

121 1365 236 1412 εἶναι
266 1370 335 1410 ἐπὶ
363 1363 511 1410 πάντα
541 1362 701 1415 ἰδόντι,
732 1361 849 1407 ὅθεν
878 1365 924 1407 ἓν
952 1363 1004 1408 τὸ
1029 1369 1147 1421 μέγα
1175 1364 1274 1424 ἡγεῖ
1303 1366 1449 1411 sivan?

237 1441 335 1484 Hoc
367 1454 500 1483 unum
532 1439 653 1498 quod
683 1455 707 1482 e
738 1441 884 1481 multis
923 1441 968 1482 in
999 1455 1133 1483 unum
1164 1442 1487 1499 comprehensis

121 1515 303 1575 prodiit,
343 1529 367 1557 a
397 1529 475 1558 sua
506 1516 672 1572 origine
710 1513 970 1571 degenerare
1005 1529 1096 1558 non
1130 1522 1273 1573 potest
1301 1515 1488 1574 ideoque

122 1606 296 1649 semper
330 1592 377 1634 in
411 1589 623 1633 relatione
660 1596 920 1647 perseverat,
986 1591 1052 1633 Ex
1080 1590 1242 1642 multis,
1274 1606 1325 1633 ex
1353 1591 1486 1635 rebus

122 1672 415 1709 constructum
442 1678 532 1707 non
558 1678 660 1707 vere
691 1663 801 1706 illud
833 1670 916 1717 est,
945 1663 1064 1721 quod
1096 1679 1230 1722 supra
1260 1668 1489 1710 contrariis

122 1740 455 1799 quibuscunque
490 1753 667 1782 versans
710 1739 785 1782 illa
826 1755 876 1782 ac
906 1753 953 1782 se
984 1740 1127 1796 ipsum
1157 1747 1274 1784 creat
1303 1748 1345 1784 et
1375 1756 1489 1784 com,

122 1816 334 1875 plectitur.
373 1814 479 1857 Non
507 1813 638 1857 habet
665 1816 750 1857 vim
782 1829 829 1858 se
845 1821 1048 1872 tanquam
1072 1818 1259 1874 speciem
1276 1816 1491 1871 servandi,

125 1900 166 1936 et
197 1906 293 1935 cum
324 1889 506 1947 singulis
537 1889 846 1947 Phaenomenis
876 1890 1079 1934 concidit.

214 1964 389 2023 Quibus
409 1967 614 2022 angustiis
632 1980 822 2024 pressuS,
850 1980 984 2009 nexus
1008 1973 1201 2019 statutus,
1231 1968 1392 2026 quippe
1413 1970 1491 2026 qui

125 2040 321 2085 nondum
352 2039 575 2083 dialectica
605 2048 696 2084 arte
726 2040 957 2097 explicatus
985 2042 1057 2094 sit,
1085 2042 1173 2098 jam
1200 2042 1299 2086 tolli
1329 2046 1490 2103 coepit:

242 2111 412 2170 ,,Ἀλλὰ
450 2111 513 2172 μὴ
550 2115 637 2159 τῶν
674 2116 798 2160 εἰδῶν
839 2114 1026 2159 ἕκαστον
1061 2109 1090 2178 ᾗ
1127 2115 1298 2163 τούτων
1331 2117 1493 2176 νόημα,

125 2194 204 2235 καὶ
234 2189 437 2248 οὐδαμοῦ
473 2188 595 2247 αὐτῷ
632 2188 833 2253 προσήκῃ
865 2193 1156 2249 ἐγγίγνεσθαι
1185 2192 1356 2238 ἄλλοθι
1383 2191 1415 2247 ἢ
1445 2198 1492 2238 ὲν

125 2267 365 2325 ψυχαῖς.”

239 2342 353 2385 Huic
380 2343 565 2399 graviter
602 2357 650 2386 se
687 2344 868 2401 opponit
897 2342 1192 2396 Parmenides,
1232 2345 1353 2402 quod
1385 2359 1492 2388 neu-v

126 2418 286 2475 tiquam
323 2417 630 2475 negligendum
668 2424 748 2461 est:
800 2432 898 2461 nam
941 2418 1052 2462 illud
1095 2420 1275 2463 maxime
1316 2422 1496 2464 interest

126 2492 336 2546 Platonis,
366 2499 413 2536 ut
441 2492 575 2537 rebus
606 2495 747 2537 inesse
778 2494 956 2551 species·
978 2494 1255 2553 intelligatur.

244 2569 333 2613 Sed
370 2568 498 2612 simul
540 2572 696 2622 statim,
740 2570 843 2626 quia
888 2572 1159 2629 propositum
1205 2578 1269 2614 est
1305 2568 1495 2628 dialogo,

129 2649 175 2686 ut
205 2643 407 2689 Socrates
445 2659 536 2689 non
575 2647 660 2689 nisi
698 2645 765 2687 via
805 2651 847 2688 et
886 2652 977 2689 arte
1007 2645 1233 2690 dialectica
1261 2645 1316 2690 ad
1346 2662 1494 2691 rerum

129 2725 173 2762 et
199 2723 440 2779 specierum
470 2723 717 2765 societatem
746 2719 1024 2779 perducatur,
1054 2723 1208 2766 iterum
1236 2737 1286 2768 ea
1316 2723 1495 2776 tollitur,

1141 2798 1172 2841 2
1186 2798 1216 2826 εκ
