1648 2971
694 157 985 205 ...44-

274 260 375 306 Uno
405 249 567 307 amisso
593 263 681 321 jam
711 265 757 310 in
786 268 912 314 tertia
940 268 1052 314 serie
1081 267 1198 327 (C)
1183 287 1280 332 ipsa
1314 274 1371 321 τὰ
1396 278 1520 339 ἄλλα

149 335 336 392 sublata,
361 337 464 382 ficta
483 343 647 382 tantum
665 340 857 386 Unitatis
888 345 1076 389 essentia
1106 358 1370 408 acceperunt
1395 367 1522 412 prae-

147 412 292 459 dicata
321 425 421 470 sua3
450 411 529 457 ubi
557 430 666 461 vero
695 416 887 463 Unitatis
916 434 1034 466 non-
1044 426 1228 473 essentia
1258 428 1418 472 acriter
1448 444 1521 474 ur·-

144 497 283 548 getur‚
311 502 395 532 nec
421 488 497 533 illa
525 491 714 550 amplius
743 493 844 537 ficta
873 498 1043 555 species
1072 497 1274 548 obtinere
1293 511 1520 563 potest—-

147 573 191 610 et
218 564 329 611 nihil
357 572 435 620 est,
464 567 504 612 si
526 566 675 619 Unum
701 583 795 615 non
823 578 900 617 est.

666 642 685 662 ⁸¹
818 683 838 706 *
954 646 957 649 '
1235 701 1252 708 U

257 715 359 762 Hoc
386 717 522 762 modo
550 719 720 764 initium
750 727 794 766 et
816 725 957 768 exitus
983 723 1305 786 disquisitionis
1327 729 1383 776 de
1398 732 1515 787 Uno,

139 806 167 838 e
195 793 413 838 contrarIa
440 792 675 854 hypothesi
702 796 943 857 profectae,
970 800 1090 848 idem
1120 805 1331 853 efficiunt:
1367 815 1517 855 tuma

138 869 322 912 notione
357 865 455 921 ἑνὸς
490 868 625 922 ὄντος
660 872 970 930 proficiscens,
1014 878 1110 923 aliis
1145 895 1238 926 non
1276 885 1515 929 exsistenti-

136 941 243 997 bus,
278 942 388 988 nihil
418 959 516 989 esse
545 968 604 979 —
633 952 726 990 tum
763 962 790 991 a
817 952 1001 997 notione
1029 951 1129 1006 ἐν’ὁς
1156 952 1220 1012 μὴ
1251 955 1384 1010 ὄντος
1411 974 1515 1018 pro-

132 1018 360 1075 ficiscens,
403 1020 510 1065 Uno
545 1034 641 1067 non
685 1024 937 1081 exsistente,
975 1028 1086 1074 nihil
1127 1044 1225 1076 esse
1262 1033 1512 1093 disquisitio

132 1095 462 1150 demonstravit.
1131 1151 1133 1153 ¹

251 1171 520 1228 Conclusio,
548 1187 663 1232 quae
692 1175 839 1220 omnia
867 1176 915 1222 in
944 1176 1154 1235 majorem
1183 1183 1389 1230 unitatem
1420 1186 1511 1232 dia.

128 1255 329 1301 lecticam
365 1251 539 1296 ratione
578 1249 835 1296 affirmativa
871 1256 1124 1314 conjungat,
1166 1272 1259 1304 non
1297 1265 1510 1321 proponi-

127 1339 213 1377 tur.
274 1329 544 1377 Continetur
571 1325 900 1386 quodammodo
926 1331 975 1375 in
1002 1331 1067 1388 τῷ
1095 1329 1251 1391 ἀτόπῳ
1281 1339 1507 1382 transitum

126 1408 337 1462 faciente,
375 1405 454 1465 qui
488 1404 587 1462 ipse
621 1405 826 1450 transitus
863 1407 911 1451 in
944 1421 1182 1466 progressu
1213 1410 1373 1470 dialogi
1409 1428 1508 1458 sese

126 1482 335 1543 praebuit
362 1488 570 1541 tanquam
600 1495 732 1526 unam
761 1484 975 1527 serierum
1005 1490 1179 1542 praeter
1208 1494 1384 1532 ceteras.
1434 1489 1507 1533 Fi-

125 1562 197 1605 nis
247 1558 412 1616 dialogi
455 1556 695 1602 secundum
743 1560 881 1603 totius
926 1558 1247 1618 disquisitionis
1292 1566 1505 1608 rationem

124 1636 276 1683 omnia
312 1648 426 1693 quae
464 1633 621 1679 effecta
656 1640 759 1678 sunt
795 1634 980 1693 colligit;
1019 1651 1193 1695 quaque
1228 1647 1351 1697 parte
1382 1655 1505 1684 seor-

124 1713 207 1758 sim
242 1711 495 1771 proposita,
531 1715 575 1753 et
611 1709 824 1754 relatione
863 1714 1056 1756 omnium
1094 1727 1329 1772 earumque
1359 1730 1503 1775 oppo-

123 1788 296 1833 sitionis
324 1787 372 1831 in
401 1783 624 1830 vocabulo
650 1785 721 1841 Et,
749 1788 963 1832 exteriore
992 1789 1187 1848 quodam
1217 1790 1364 1843 modo,
1396 1805 1503 1835 con-

124 1871 256 1909 tenta.

237 1940 304 1985 Ita
332 1937 526 1984 Socratis
554 1936 842 2005 postulationi
877 1952 962 1997 pro
992 1938 1175 1997 singulis
1204 1939 1402 1998 partibus
1433 1956 1501 1986 sa-

119 2018 337 2063 tisfactum
368 2022 455 2068 est3
492 2013 744 2059 dialecticae
778 2016 971 2060 Unitatis
1010 2015 1219 2061 elementa
1256 2017 1498 2062 secundum

122 2094 446 2154 oppositionem
478 2098 521 2134 et
548 2091 803 2136 relationem
834 2106 956 2136 suam
986 2099 1213 2154 perspecta
1253 2102 1377 2146 sunt;
1417 2094 1500 2138 sed

119 2185 211 2215 non
249 2167 453 2214 omnihus
494 2181 547 2211 ex
588 2167 784 2225 partibus
824 2167 1027 2211 absoluta
1070 2166 1351 2226 relinquitur,
1399 2184 1497 2213 cum

119 2247 325 2291 transitus
349 2245 651 2305 oppositarum
674 2257 766 2288 non
794 2245 841 2288 in
871 2245 925 2288 iis
955 2244 1064 2302 ipsis
1095 2250 1138 2287 et
1166 2259 1245 2302 per
1274 2258 1346 2288 eas
1376 2246 1496 2305 ipsas

122 2323 379 2382 explicatus,
413 2336 505 2365 non
542 2320 598 2365 ad
633 2334 841 2365 summam
878 2320 998 2365 illam
1025 2320 1250 2379 perveniat
1277 2322 1499 2372 unitatem,

120 2413 236 2458 quae
266 2412 314 2441 se
343 2399 482 2457 ipsam
513 2403 555 2441 et
585 2396 669 2441 sibi
700 2398 984 2450 contrarium,
1021 2397 1226 2439 unitatem
1264 2404 1305 2440 et
1341 2396 1494 2440 discri-

118 2489 222 2520 men
253 2489 379 2519 suum
411 2472 707 2533 complectens
738 2473 871 2518 efficit
902 2479 945 2517 et
981 2471 1199 2531 intelligit;
1235 2471 1318 2516 sed
1354 2472 1400 2515 in
1429 2472 1493 2529 τῷ

122 2548 277 2609 ἀτόπῳ
314 2550 395 2595 τοῦ
430 2548 642 2608 ἐξαίφνης
681 2549 919 2595 collocatus
951 2550 1025 2601 sit,
1060 2550 1107 2592 in
1142 2549 1223 2594 illo
1263 2551 1310 2591 ὲν
1342 2546 1492 2606 χρόνῳ

122 2623 271 2672 οὐδενὶ
289 2635 507 2684 versante3
539 2626 661 2687 quod
690 2625 866 2686 quidem
895 2633 1100 2685 tanquam
1129 2639 1304 2670 causam
1328 2631 1371 2669 et
1392 2625 1493 2669 fun-

1314 2699 1491 2746 damen·
