1648 2971
667 151 963 196 ...40-

129 258 416 315 contrarium,
452 259 531 305 sed
558 267 722 306 tantum
751 268 810 306 ut
830 260 887 306 ab
917 262 993 306 illo
1021 261 1249 304 diversum.
1309 263 1410 308 Hoc
1443 260 1496 309 τὰ

127 330 193 390 μὴ
223 332 350 386 εἶναι,
381 351 431 382 ea
463 351 591 394 quam
621 337 753 382 habet
786 338 843 383 ad
873 337 1113 395 subjectum
1135 338 1314 391 ratione,
1346 339 1498 385 eadem

128 409 296 467 duplici
325 412 394 455 via
423 417 651 468 tractatur,
688 429 776 474 qua
806 415 965 472 prioris
996 413 1297 472 hypotheseos
1327 414 1500 473 praedi-

129 494 289 539 catum,
328 485 381 532 τὸ
414 483 538 532 εἶναι.
901 505 904 508 ⁴
1507 537 1509 539 ,

241 562 337 605 Hac
373 570 497 620 parte
535 578 687 609 omnes
725 565 851 623 quasi
884 563 1069 610 lacunae
1104 564 1331 623 explentur
1365 579 1507 622 quae-=

125 637 282 682 stionis
320 637 377 682 de
413 640 536 684 Uno:
585 643 728 686 omnia
773 656 885 699 quae
922 640 1066 684 adhuc
1104 640 1313 694 obscura,
1354 642 1497 683 minus

125 713 327 766 enodata,
357 728 502 773 neque
531 719 637 759 satis
667 716 782 759 clara
813 717 861 759 in
889 715 989 759 luce
1019 718 1164 772 posita
1192 721 1502 766 remanserant,

122 788 198 832 hic
235 788 550 844 illuminantur,
586 790 838 844 solvuntur,
877 791 1157 848 explicantur.
1215 790 1339 845 Illud
1372 791 1499 843 enim,

121 866 398 930 negationem
429 880 608 924 quoque
637 867 722 911 vim
753 867 916 912 habere
945 867 1261 921 affirmativam,
1292 868 1499 923 cognitio-

121 943 194 983 πίε
232 943 421 999 species,
460 940 819 1000 differentiaeque
856 944 982 988 notio
1020 943 1086 987 illi
1124 942 1349 1001 adjuncta,
1393 942 1501 985 haec

126 1018 275 1060 onmia
312 1018 359 1060 in
395 1031 530 1060 unum
573 1018 646 1065 hic
682 1025 785 1060 suut
827 1027 1086 1076 congregata
1123 1026 1166 1062 et
1208 1018 1403 1076 undique
1439 1031 1500 1069 ea,

126 1106 240 1150 quae
270 1097 396 1135 antea
424 1089 598 1134 fuerant
626 1096 822 1145 tractata,
854 1091 954 1137 luce
985 1109 1078 1138 sua·¹
1093 1094 1321 1140 illustrant.

239 1243 294 1286 A.
349 1240 487 1300 Quod
524 1240 594 1286 hic
624 1257 650 1286 a
679 1240 893 1288 relatione
923 1245 1108 1289 sumitur
1138 1245 1309 1289 initium
1345 1245 1388 1288 et
1417 1247 1500 1287 sta-

121 1320 197 1364 tim
232 1335 258 1362 a
296 1318 462 1376 duplici
497 1320 681 1363 notione
711 1310 1006 1376 proficiscitur
1035 1322 1256 1380 quaestio,
1295 1322 1342 1363 in
1371 1334 1501 1362 causa

121 1452 277 1492 dicatur,
306 1448 353 1485 τὰ
383 1445 472 1484 αλλα
501 1451 577 1487 sine
607 1450 690 1485 Uno
721 1464 863 1497 prorsus
896 1466 970 1487 non
1003 1466 1087 1490 esse.
1154 1448 1209 1485 Τὰ
1233 1446 1321 1484 ἄλλα
1346 1444 1500 1494 αλλήλων

119 1514 277 1550 Platonis
310 1514 393 1549 Uno
423 1528 499 1549 non
529 1515 713 1549 accedente
744 1528 789 1549 ne
817 1510 862 1548 τὰ
893 1509 981 1548 ἄλλα
1013 1510 1215 1560 ἀλλήλων
1250 1514 1391 1562 quidem
1416 1527 1500 1549 esse.

120 1579 324 1625 neutiquam
352 1579 468 1623 negari
499 1577 649 1624 poterit,
684 1577 818 1613 etiamsi
849 1579 938 1613 illud
968 1593 1041 1613 non
1074 1592 1277 1623 urgeamus,
1320 1574 1360 1611 τὸ
1392 1579 1497 1624 πέρας

123 1643 219 1689 apud
244 1656 322 1677 eum
344 1641 569 1689 econjunctis
594 1640 799 1677 notionibus
823 1641 891 1675 τῶν
916 1637 1028 1676 ἄλλων
1053 1653 1087 1678 et
1109 1641 1174 1676 τοῦ
1198 1638 1274 1680 ἑνός
1299 1641 1394 1679 oriri.
1446 1636 1501 1673 Τὰ

125 1699 215 1739 ἄλλα
247 1704 341 1740 idem
378 1706 475 1752 quod
506 1700 548 1739 τό
580 1699 720 1752 ἄπειρον
751 1704 893 1751 πλῆθος
921 1707 956 1741 in
983 1706 1131 1742 Philebo
1155 1721 1195 1753 p.
1214 1706 1272 1741 17-
1297 1720 1346 1742 e.:
1382 1700 1424 1740 τὸ
1457 1697 1496 1737 ‹5‘

124 1764 314 1815 ἄπειρόν
346 1780 383 1802 σε
413 1764 564 1801 ἑκάστων
586 1769 644 1801 καὶ
667 1771 702 1802 ἐν
727 1766 879 1808 ἑκάστοις
901 1769 1057 1814 πλῆθος,
1084 1765 1266 1814 ἄπειρον
1292 1765 1501 1800 ἑκάστοτε

121 1836 243 1867 ποιεῖ
279 1830 365 1866 τοῦ
400 1824 607 1878 φροῦεἶν,
647 1832 705 1865 καὶ
745 1825 807 1865 otiu
837 1829 1040 1878 ἐλλόγιμον,
1075 1825 1117 1864 οἷ
1150 1824 1188 1864 δ’
1214 1827 1408 1877 ἐνάριθμον
1442 1822 1500 1863 ἅτ’

123 1892 185 1931 οιῗκ
206 1897 255 1934 εἰς
279 1890 438 1943 ἀριθμὸν
464 1889 587 1930 οὐδένα
611 1897 646 1930 ἓν
670 1890 786 1930 οὗὸενὶ
809 1892 948 1930 πώποτε
974 1888 1157 1931 anamma.

217 1960 380 1995 Ceterum
405 1960 492 1995 illud
517 1960 727 2004 notandum,
751 1960 837 1995 nihil
863 1959 959 1995 aliud
985 1971 1081 2002 agere
1104 1956 1309 1997 Platonem,
1334 1968 1438 2003 quam
1462 1965 1502 1991 ut

124 2022 169 2057 ἰτὶ
197 2018 286 2057 ἄλλα
311 2022 425 2058 Unius
457 2024 637 2071 participia
669 2037 743 2059 esse
773 2032 955 2070 appareat,
984 2022 1055 2058 sive
1073 2022 1186 2057 inesse
1209 2021 1277 2055 hoc
1300 2023 1397 2057 τοῖς
1423 2013 1498 2052 ἄλ-

121 2087 230 2123 λοις.
277 2086 351 2122 Nec
381 2100 446 2121 nos
476 2087 618 2132 quidem
649 2087 745 2122 aliud
771 2087 961 2134 quidquam
986 2084 1127 2120 Platoni
1152 2083 1389 2118 tribuerimus·
1436 2081 1500 2115 So-

124 2150 227 2192 cietas
251 2160 441 2196 utrumque
472 2148 609 2184 arctiori
635 2148 773 2184 vinculo
799 2150 1031 2197 complectens
1056 2148 1217 2183 nondum
1241 2148 1348 2182 adest.
1398 2145 1501 2202 Quae

122 2213 457 2249 Schleiermacherus
488 2209 734 2260 proponit*)‚
768 2212 811 2247 ad
852 2212 1081 2256 „auxiliarem
1111 2209 1324 2247 notionem’'
1359 2211 1403 2244 ab
1437 2189 1499 2243 illo

122 2288 287 2315 statutam
311 2287 511 2321 recurrunt,
535 2278 581 2313 de
605 2290 674 2324 qua
701 2289 804 2323 supra
828 2275 1094 2326 disputavimus.
1144 2274 1275 2310 Contra
1299 2274 1395 2321 quod
1423 2286 1497 2307 mo-

123 2344 281 2378 nendum
313 2350 380 2385 est,
413 2341 488 2388 ipsa
509 2338 555 2375 τά
579 2335 686 2387 ἄλλα,
719 2340 844 2389 quibus
869 2340 1110 2393 „conveniant
1136 2336 1358 2375 relationes'’
1381 2351 1498 2373 rursus

128 2408 200 2446 Uni
224 2405 423 2443 convenire.

168 2469 210 2516 *)
236 2470 377 2505 Platone
402 2468 546 2504 Werke
569 2465 636 2504 Th.
655 2467 688 2504 1·
716 2467 783 2504 Bd.
809 2469 842 2503 2.
866 2485 901 2517 p.
927 2468 1013 2505 4242
1051 2466 1327 2511 „Andr-entheils
1352 2474 1439 2501 setzt
1464 2478 1500 2499 er

214 2529 329 2565 achon
358 2528 459 2564 mehr
489 2526 764 2564 Bekanntschast
796 2527 860 2564 mit
890 2529 953 2564 der
983 2527 1097 2563 sache
1128 2541 1251 2564 vorans
1283 2524 1357 2559 und
1382 2523 1501 2567 glaubt

216 2587 316 2622 nieht
339 2596 408 2622 erat
432 2586 594 2622 erinnem
620 2600 661 2620 zu
685 2590 844 2629 miissen,
867 2588 943 2623 dass
967 2588 1053 2622 aller
1076 2587 1154 2622 dem
1178 2587 1263 2622 Eius
1287 2582 1498 2627 beigelegten

217 2643 370 2687 Regu-isse
394 2645 614 2688 bezuglicher
638 2643 739 2680 Theil
764 2644 836 2679 ihm
860 2645 987 2681 immor
1009 2658 1077 2681 nur
1086 2643 1305 2681 zukommen
1330 2641 1422 2677 kann
1443 2641 1499 2675 ffir

221 2701 283 2739 das
310 2702 429 2740 Andre
453 2702 597 2740 ausser
618 2703 642 2739 'd
659 2718 719 2740 cm
747 2703 867 2742 Eine.
878 2704 902 2723 ”
1086 2699 1102 2719 ¹
