1648 2971
694 212 752 231 -.-
810 192 884 234 49-
926 214 998 233 τῇ

161 306 290 357 nitur,
317 301 513 362 'ideoque
524 303 672 346 Unum
693 316 742 344 se
761 302 1001 347 manifestat
1024 302 1290 347 identitatem
1318 305 1385 347 sui
1410 304 1521 348 alio-

159 394 351 438 rumque.
397 381 459 423 Ita
490 378 643 422 relatio
672 391 786 437 quae
816 384 906 422 erat
934 380 974 421 ei
1002 378 1057 422 ad
1088 378 1171 422 alia
1198 376 1308 423 nihil
1337 379 1519 438 amplius

160 457 200 499 ei
221 455 353 507 valet3
382 456 529 500 Unum
559 454 641 498 alia
671 456 717 497 in
744 466 794 496 se
821 455 983 510 recepit
1013 469 1153 512 eaque
1181 470 1230 499 re
1260 454 1446 513 qualitas
1475 457 1520 498 in

159 531 436 589 quantitatem
466 527 583 575 abiit.

256 606 365 661 Hae
385 606 546 663 speciei
566 605 711 648 Unius
736 603 1150 652 rationedialectica
1168 605 1265 649 fieri
1290 611 1446 664 potest,
1475 611 1533 649 ut⁴

157 679 201 722 in
210 679 465 724 Parmenide
473 681 618 723 Unum
636 677 816 723 diversis
832 679 973 723 modis
987 685 1283 738 pertractetur.
1306 680 1393 724 Sed
1404 679 1534 725 haud,

139 755 284 812 ‘facile
313 756 554 813 contigerit,
586 761 632 798 ut
649 754 770 799 modi
799 754 928 813 hujus
947 755 1118 813 speciei
1148 756 1194 799 in
1224 754 1524 813 disquisitione

156 825 378 874 Platonica
407 846 507 875 vera
529 830 667 874 forma
684 830 943 889 indagentur
958 831 1029 874 vel
1045 830 1410 885 demonstrentur,
1425 845 1525 875 cum

157 905 226 947 hic
268 906 448 950 arbitrio
492 905 564 948 vel
602 914 883 950 secernantur
918 905 990 949 vel
1027 908 1406 959 commisceantur;
1456 921 1526 950 ex-

158 986 279 1023 terna
299 982 446 1036 potius
477 981 647 1023 ratione
677 980 874 1038 dissipati
904 987 946 1024 et
975 981 1202 1024 convoluti
1231 983 1374 1025 minus
1403 981 1527 1024 lucu-

157 1054 296 1097 lenter
330 1059 579 1112 appareant.
646 1053 791 1110 Quam
821 1053 897 1096 diu
928 1054 1074 1098 Unum
1106 1054 1422 1099 multitudinem
1451 1070 1529 1114 per

157 1144 206 1174 se
225 1132 366 1189 ipsum
385 1144 495 1184 esse,
524 1127 818 1187 repulsionem
841 1142 950 1173 vero
983 1134 1027 1172 et
1055 1130 1354 1173 attractionem
1384 1129 1529 1174 diver-

155 1221 226 1250 sas
265 1208 394 1251 unius
438 1205 719 1263 ejusdemque
766 1205 927 1263 speciei
973 1203 1137 1248 formas
1185 1204 1533 1250 demonstratumv

155 1296 247 1325 non
286 1288 370 1334 est,
412 1287 497 1324 tam
536 1279 610 1323 diu
646 1279 710 1323 illi
747 1278 870 1324 modi
908 1280 1028 1336 justo
1064 1279 1169 1325 loco
1207 1282 1254 1325 in
1291 1287 1527 1339 systemate

153 1356 455 1414 philosophiae
470 1360 658 1398 >careant
685 1368 865 1397 necesse
895 1359 972 1396 est.

270 1431 328 1475 Et
361 1431 448 1473 hoc
471 1435 648 1473 >tantum
683 1434 837 1492 notare
871 1426 1002 1471 nobis
1041 1431 1371 1487 proposuimus,
1415 1429 1530 1473 hanc

154 1507 298 1550 Unius
319 1507 509 1564 speciem
530 1505 697 1549 ratione
717 1504 940 1561 negativae
959 1503 1182 1549 relationis
1201 1505 1255 1549 ad
1274 1520 1320 1549 se
1334 1507 1471 1563 ipsam
1479 1504 1526 1561 ‘),

155 1582 320 1641 duplici
356 1588 399 1625 et
434 1579 690 1625 excludendi
727 1587 770 1623 et
807 1578 1126 1637 complectendi
1162 1580 1365 1625 facultate
1396 1596 1526 1640 quam

155 1659 315 1716 optime
353 1657 530 1701 electam
568 1670 664 1701 esse
701 1654 757 1699 ad
793 1653 1141 1712 disquisitionem
1177 1655 1527 1715 philosophicam

154 1731 571 1792 repraesentandam.

272 1808 385 1851 Nam
421 1821 553 1865 quum
587 1805 707 1851 modi
743 1806 788 1848 in
825 1805 909 1849 hac
937 1806 1082 1864 specie
1110 1808 1323 1858 contenti,
1359 1822 1443 1866 per
1479 1823 1529 1853 se

153 1891 335 1936 tantum,
382 1882 585 1927 omnibus
629 1879 763 1924 rebus
809 1880 962 1925 alienis
1007 1881 1233 1940 neglectis,
1276 1889 1527 1941 spectantur

156 1959 359 2003 omnibus
394 1974 445 2001 ex
479 1956 698 2016 partibuS,
737 1954 838 1999 fieri
866 1971 959 2000 non
988 1963 1151 2014 potest,
1190 1959 1295 2014 quin
1326 1960 1420 2015 ejus
1450 1973 1526 2002 na-

155 2043 250 2079 tura
278 2032 597 2086 manifestetur,
640 2031 806 2076 etiamsi
848 2029 1071 2075 elementis
1103 2031 1294 2090 disjectis
1324 2032 1409 2077 sibi
1439 2035 1526 2094 ipsi

155 2111 357 2168 opposita
386 2108 643 2167 turbataque
673 2121 769 2151 esse
798 2105 1009 2152 videatur.

245 2333 283 2380 ²⁸)
308 2333 470 2382 Metaph.
495 2336 553 2373 Ill.
577 2349 617 2382 vp.
644 2333 703 2374 65.
758 2329 813 2369 Τὰ
835 2329 955 2371 δ’ὅντα
978 2334 1035 2369 καὶ
1057 2329 1120 2378 τὴν
1145 2325 1269 2367 οἷσίαν
1293 2327 1526 2379 ὁμολογοῦσιν

156 2400 188 2437 ἐξ
203 2399 363 2433 ἐναντίων
381 2393 505 2441 σχεδὸν
529 2394 675 2438 ἅπαντες
698 2399 920 2443 συγκεῖσθαι·
1036 2393 1211 2431 ἅπαντα
1235 2396 1280 2432 δὲ
1303 2398 1371 2431 καὶ
1393 2391 1527 2432 τᾶλλα

156 2459 332 2506 (ἐναντία)
365 2461 571 2506 φαίνεται
594 2456 854 2508 ἀναγόμενα
877 2463 946 2502 εἰς
969 2458 1016 2496 τὸ
1041 2461 1082 2496 ἓν
1105 2461 1180 2495 καὶ
1202 2459 1392 2500 πλῆθος·
1428 2447 1524 2506 εἰλήζ

156 2527 240 2569 φθω
265 2520 331 2571 γὰρ
353 2519 376 2568 ἦ
401 2517 562 2568 ἀναγωγὴ
585 2521 690 2571 ἡμῖν·
733 2526 773 2559 αἱ
805 2519 946 2574 δ’ἆρχαὶ
977 2526 1034 2560 καὶ
1063 2522 1235 2562 παντελῶς
1265 2524 1305 2557 αἱ
1333 2520 1430 2570 παρὰ
1458 2524 1527 2557 τῶν

157 2582 270 2622 ἄλλων
293 2584 338 2626 ὦς
361 2588 408 2626 εἰς
435 2588 513 2631 γένη
536 2588 645 2623 ταῦτα
674 2589 855 2626 πίπτουσι·
888 2615 1043 2628 .....
1069 2586 1183 2626 πάντα
1205 2583 1272 2635 γὰρ
1294 2582 1321 2633 2'1'
1342 2588 1483 2624 ἐναντίω
1502 2604 1526 2635 η

157 2652 190 2690 ἐξ
213 2653 390 2687 ἐναντίων·
417 2646 523 2698 ἀρχαὶ
546 2652 584 2687 δὲ
609 2652 677 2687 τῶν
700 2654 865 2687 ἐναντίων
888 2650 928 2689 τὸ
955 2654 989 2689 ἓν
1014 2655 1070 2690 καὶ
1094 2650 1241 2696 πλῆθος.
