1648 2971
706 201 763 211 ...
821 177 880 222 24
938 201 996 211 .-

165 299 281 330 mum
310 285 509 343 inducet,
546 302 677 348 quum
714 302 766 333 ea
801 296 966 334 tantum
1003 302 1133 333 causa
1172 290 1226 334 sit
1252 294 1294 333 et
1323 289 1527 341 effectrix,

164 361 340 408 illarum
377 365 459 409 sub
495 380 545 409 ea
589 366 735 424 specie
781 365 1205 424 conspiciendarum,
1254 379 1383 425 quam
1427 381 1530 410 vere

165 438 340 484 babenb

280 515 400 559 Idem
443 514 498 559 de
540 522 693 560 nostra
736 517 862 559 etiam
908 517 1169 573 quaestione
1214 516 1373 560 dictum
1422 523 1527 559 esto.

165 590 213 634 Si
241 590 389 635 Unum
425 599 491 636 est
521 607 673 644 uuum,
709 592 735 635 i.
766 605 804 634 e.
832 590 896 634 nil
926 593 1010 635 nisi
1039 593 1184 637 Unum
1219 615 1271 631 -.-
1304 592 1426 651 quod
1458 607 1527 635 re-

163 680 266 709 vera
303 681 401 711 esse
440 683 531 712 non
566 673 708 726 potest
735 665 798 721 *),
842 682 972 724 quam
1011 683 1131 711 suam
1167 675 1362 711 naturam
1399 669 1527 724 igitur

161 740 297 786 modo
313 744 528 796 mentitur,
558 744 746 801 speciem
774 756 881 800 prae
911 757 959 786 se
988 743 1130 788 ferens
1162 745 1254 788 eius
1285 741 1405 802 quod
1435 757 1526 785 nou

160 823 227 858 est
256 841 312 848 --
348 832 440 859 non
477 825 543 860 est
581 817 726 860 multa.
796 816 896 873 Qua
934 819 1183 877 imperfecta
1219 820 1371 862 mentis
1408 818 1526 876 posi-

161 892 294 944 tione,
325 907 437 949 quae
465 893 583 935 omni
613 892 822 937 relatione
853 900 894 936 et
924 895 1129 952 temporis
1161 901 1201 937 et
1226 896 1353 953 spatii
1386 901 1428 937 et
1459 908 1525 936 es-

162 968 328 1009 sentiae
349 975 390 1010 et
409 970 600 1011 nominis
630 968 789 1012 nudata
820 971 1013 1022 sumitur,
1042 971 1087 1012 in
1102 969 1227 1011 Nihil
1255 969 1344 1013 abit
1360 971 1524 1017 Uuum;

162 1042 285 1098 quod
321 1058 501 1099 prorsus
537 1044 632 1087 fieri
669 1046 837 1101 nequit,
875 1060 1007 1101 quum
1043 1048 1100 1087 sit
1128 1052 1329 1105 tanquam
1360 1047 1524 1091 Unum:

159 1119 233 1166 sit,
261 1119 426 1175 quippe
456 1117 576 1175 quod
606 1132 766 1161 nomeu
798 1116 966 1162 habeat.

275 1193 337 1236 Ut
360 1194 515 1236 'Unum
544 1193 599 1236 ad
631 1195 757 1250 spatii
794 1201 836 1237 et
872 1196 1080 1252 temporis
1110 1195 1311 1237 notiones
1342 1193 1521 1236 referre-

158 1274 248 1320 tur,
287 1281 342 1311 eo
373 1268 571 1313 effectum
604 1276 712 1321 erat,
751 1270 871 1329 quod
902 1269 1104 1313 omnibus
1135 1270 1392 1328 praedicatis
1423 1284 1446 1312 a
1475 1284 1522 1312 se

158 1343 366 1402 repulsis,
394 1345 480 1388 illis
510 1349 780 1388 eontrarium
811 1361 857 1389 se
886 1345 1088 1404 praebuit
1117 1346 1308 1403 ideoque
1327 1349 1521 1401 finitum.

275 1421 425 1464 Restat
462 1417 490 1474 ἠ
531 1419 665 1479 φύσις
709 1425 756 1464 ἐν
797 1419 945 1465 οὐδενὶ
979 1418 1126 1478 χρόνῳ
1174 1414 1297 1464 οὖσα.
1372 1421 1519 1477 Quum

159 1493 284 1537 Plato
321 1496 410 1539 Uni
449 1498 676 1539 essentiam
723 1496 921 1554 derogat,
964 1498 1127 1555 quippe
1165 1511 1189 1538 a
1225 1512 1314 1553 quo
1351 1504 1520 1554 tempus

159 1571 337 1612 omnino
360 1570 554 1614 alienum
586 1574 657 1623 sit,
688 1572 772 1614 hoc
802 1571 860 1614 ob
890 1572 1105 1629 idipsum
1137 1571 1204 1625 fit,
1234 1571 1355 1629 quod
1387 1572 1522 1614 omni-

155 1643 242 1687 hus
262 1646 515 1702 praedicatis
534 1661 683 1690 carens
703 1654 886 1690 sumtum
909 1647 1063 1690 fuerat.
1108 1646 1242 1690 Nulla
1265 1649 1375 1689 enim
1397 1662 1520 1704 pror-

159 1735 235 1763 sus
267 1724 450 1764 essentia
486 1725 531 1765 in
559 1724 705 1766 Unum
742 1722 1011 1766 cadente‘ssss
1047 1725 1229 1781 ipsaque
1259 1725 1519 1773 aeternitate,

158 1798 197 1840 si
227 1796 283 1840 de
315 1812 368 1841 eo
397 1797 732 1856 praedicaretur,
760 1798 859 1856 plus
887 1801 972 1856 jam
1004 1800 1253 1842 involvente
1277 1814 1404 1855 quam
1428 1800 1518 1854 ipsa

157 1874 297 1915 Unius
335 1881 487 1916 natura
525 1875 704 1931 patitur,
745 1873 827 1915 τοῦ
865 1877 910 1916 ὲν
948 1872 1097 1916 οὐδενὶ
1126 1871 1273 1930 χρόνῳ
1304 1871 1434 1923 ὄντος
1464 1887 1518 1914 ne

154 1951 313 1993 mentio
353 1948 528 2006 quidem
567 1948 629 1992 fit.
690 1949 907 2005 Tempore
945 1956 1086 1991 autem
1124 1956 1278 2006 negato
1322 1950 1413 1990 eius
1454 1963 1517 1990 es-

157 2026 292 2066 sentia
308 2024 485 2073 tollitur,
517 2024 638 2082 quod
671 2031 874 2080 tanquam
896 2039 1012 2066 mera
1041 2026 1193 2075 unitas,
1226 2024 1393 2065 sublata
1409 2023 1518 2064 mul-

157 2098 352 2141 titudinis
385 2101 579 2150 notione,
609 2101 713 2141 citra
742 2102 963 2142 veritatem
995 2099 1254 2158 ponebatur.

274 2173 409 2229 Quod
440 2176 477 2215 si
508 2175 606 2230 quis
642 2177 688 2216 in
724 2174 804 2215 hac
836 2174 995 2230 dialogi
1027 2183 1144 2231 parte
1177 2174 1230 2216 de
1260 2174 1419 2216 Eleatis
1448 2176 1515 2231 ju-

156 2247 315 2291 dicium
346 2248 670 2307 deprehendere
701 2247 785 2291 sibi
809 2248 1038 2302 videretur,
1071 2249 1213 2308 deque
1234 2249 1515 2293 l’armenideo

249 2457 287 2496 ⁴⁴)
329 2455 441 2490 Locus
466 2456 646 2500 primarius
673 2472 690 2492 e
717 2472 786 2504 quo
811 2469 966 2504 apparet,
995 2456 1160 2491 unitatem
1187 2468 1218 2492 et
1245 2457 1444 2502 oppositum
1470 2460 1514 2490 al-

154 2530 323 2556 terutrum
353 2533 414 2566 per
437 2533 473 2554 se
497 2519 609 2554 solum
635 2521 730 2566 quasi
756 2532 842 2555 esset
865 2534 983 2555 verum
1009 2514 1050 2551 ὅν
1073 2531 1256 2561 statutum,
1293 2535 1363 2553 non
1391 2520 1515 2554 babere

158 2585 354 2624 veritatem,
380 2593 429 2617 est
455 2584 540 2620 Plat.
568 2584 675 2629 Soph.
700 2598 736 2630 p.
760 2584 830 2618 245
854 2586 888 2620 d.
913 2584 971 2616 καὶ
994 2584 1109 2615 τοίνυν
1133 2579 1236 2620 ἄλλας
1259 2584 1383 2627 μυρίας
1406 2576 1514 2627 ἅπερ-

158 2643 281 2684 άντους
318 2641 465 2692 ἆπορίας
502 2645 642 2679 ἕκαστον
678 2642 818 2691 εἰληφὸς
853 2647 1029 2692 φανεῖται,
1066 2644 1120 2690 τῷ
1149 2642 1197 2679 τὸ
1227 2638 1275 2677 ὃν
1306 2646 1396 2678 εἴτε
1435 2642 1514 2678 δύο

156 2711 269 2749 τινὶ,
300 2710 389 2742 εἴτε
420 2708 460 2742 ἓν
491 2704 628 2752 μόνον
662 2709 779 2743 εἶναι
808 2709 993 2753 λέγοντι.
