1648 2971
677 167 976 213 ...32-

134 283 267 338 volat,
296 281 373 327 cui
404 281 548 328 omnia
577 285 753 325 manent
782 278 935 333 aliena,
965 279 1086 323 humi
1107 278 1273 339 posita,
1303 278 1515 338 quodque

135 360 221 407 sibi
258 361 347 419 ipsi
386 357 491 402 ideo
531 356 721 422 alienum
762 363 849 411 est,
894 352 1071 400 ἄτοπον
1104 370 1185 414 per
1220 355 1359 413 ipsam
1394 369 1516 400 suam

135 430 349 482 naturam·

255 511 357 558 Hoc
394 513 459 553 est
495 507 694 554 ultimum
734 513 777 552 et
819 521 1035 567 summum
1070 506 1191 566 quod
1229 507 1286 552 ad
1323 506 1517 551 Socratis

137 572 403 648 postulatum
447 584 708 644 responderi
748 590 913 644 potest3
960 599 1012 629 ex
1055 584 1143 631 hoc
1189 582 1350 642 dialogi
1393 583 1519 643 quasi

137 663 312 720 fastigio
345 662 493 706 omnia
523 668 625 706 sunt
655 660 936 720 dispicienda.

257 737 370 782 Utut
406 735 548 781 videri
585 737 654 781 hic
681 744 828 796 potest
863 732 916 781 τὸ
953 736 1164 799 ἐξαίφνης
1199 743 1249 783 ,ιιῐ
1283 735 1520 795 positivum

141 814 294 873 statui,
330 812 498 856 scilicet
533 824 583 855 ut
617 811 682 867 id,
723 813 846 870 quod
882 818 999 856 extra
1035 814 1091 855 sit
1118 819 1288 869 tempus
1319 810 1520 868 positum,

140 882 193 932 τὸ
230 890 278 932 ὲν
307 883 452 933 οὐδενὶ
476 883 628 945 χρόνῳ
660 886 734 941 ὄν,
765 896 814 933 ut
843 889 1064 942 transitus,
1093 894 1237 933 tamen
1266 887 1374 931 haec
1401 886 1522 944 posi-

142 962 353 1009 tio-nihil
383 964 498 1007 enim
527 965 738 1022 positioni
769 963 1025 1009 subtrahere
1054 978 1102 1007 se
1122 970 1340 1022 potest—
1357 975 1523 1006 summa

144 1046 211 1085 est
241 1040 436 1084 omnium
464 1041 642 1096 negatio
655 1038 701 1094 *)
729 1040 920 1097 ideoque
943 1047 985 1084 et
1008 1041 1104 1098 ejus
1126 1040 1394 1097 (positionis)
1409 1051 1523 1096 quae

141 1120 300 1160 statuta
331 1119 435 1159 erat.
502 1113 602 1158 Hoc
637 1126 773 1158 sensu
812 1120 1037 1173 acceptum
1068 1129 1157 1173 quo
1187 1115 1273 1168 hic,
1308 1127 1445 1174 purus
1476 1118 1523 1156 ut

142 1192 200 1235 sit
229 1191 459 1242 transitus,
483 1188 714 1232 diremtum
745 1196 788 1233 et
818 1189 1008 1233 solutum
1039 1189 1095 1233 ab
1125 1190 1328 1234 omnibus
1356 1188 1524 1248 praedi-

140 1267 269 1320 catis,
307 1266 505 1308 Vacuum
538 1271 626 1319 est3
657 1263 737 1309 sed
766 1264 877 1310 illud
908 1279 1094 1309 vacuum
1124 1263 1245 1324 quod
1274 1265 1399 1319 „fons
1429 1279 1523 1309 mo-

140 1349 211 1387 tus
242 1347 286 1385 et
315 1338 605 1398 cognitionis’'
635 1347 721 1390 est,
759 1357 808 1384 ea
838 1349 1011 1394 natura,
1043 1342 1168 1398 cujus
1199 1342 1285 1383 vim
1316 1348 1358 1384 et
1388 1339 1524 1384 ambi-

141 1424 235 1462 tum
259 1431 342 1460 nec
362 1415 490 1460 Plato
522 1415 748 1474 explicavit
775 1415 968 1475 ideoque
998 1415 1197 1461 nondum
1227 1430 1331 1461 vere
1361 1430 1524 1473 cogno-

140 1493 259 1535 visse
290 1499 481 1551 apparet.
552 1490 666 1534 Illud
703 1505 850 1535 veram
890 1491 1053 1549 dialogi
1088 1490 1285 1535 indolem
1327 1491 1522 1543 involvit,

141 1583 272 1628 quam
302 1567 364 1613 ob
394 1582 487 1612 rem
518 1577 728 1626 apparere
745 1573 910 1612 tantum
935 1569 981 1611 in
1003 1581 1058 1610 eo
1082 1564 1377 1612 adumbratam
1399 1569 1523 1626 quasi

141 1645 372 1702 imaginem
395 1642 643 1687 dialectices
662 1641 808 1687 dicere
822 1657 1069 1702 possumus,
1091 1644 1188 1700 ipsa
1209 1644 1389 1687 veritate
1409 1659 1522 1688 non-

144 1718 251 1764 dum
289 1733 338 1763 se
374 1718 681 1762 manifestante.
753 1719 819 1763 Ex
856 1719 942 1763 hoc
977 1725 1142 1778 puncto
1181 1721 1307 1777 quasi
1343 1735 1368 1763 e
1400 1719 1523 1765 fonte

142 1794 452 1855 philosophiae
482 1799 526 1837 et
553 1793 762 1838 scientiae
791 1797 918 1854 copia
948 1793 1158 1839 elicienda
1188 1800 1291 1836 erat.

670 1912 689 1933 0
984 1913 1001 1931 ⁴¹

826 1954 845 1973 ¹·

236 2083 279 2129 ⁴)
311 2099 388 2131 pag.
418 2085 500 2123 156.
534 2085 613 2121 157.
668 2086 749 2122 Καὶ
770 2083 812 2121 τὸ
838 2081 879 2122 ἓν
900 2084 942 2133 δὴ
969 2089 1063 2135 εἴπερ
1087 2085 1207 2132 ἕστηκέ
1225 2099 1262 2121 τε
1284 2087 1344 2120 καὶ
1367 2090 1520 2130 κινεῖται,

140 2144 356 2196 μεταβάλλοι
387 2142 431 2182 ἂν
457 2142 517 2196 ἐφ’
548 2145 709 2195 ἑκάτερα·
743 2148 859 2195 μόνως
884 2148 951 2198 γὰρ
982 2145 1025 2185 ἄν
1057 2145 1164 2188 οὕτως
1196 2144 1378 2196 ἆμφότερα
1408 2155 1518 2184 ποιοῖ·

140 2208 354 2258 μεταβάλλον
390 2205 424 2246 δ’
424 2213 585 2258 ἐξαίφνης
621 2209 845 2258 μεταβάλλει,
885 2215 942 2248 καὶ
981 2209 1038 2247 ὅτε
1077 2210 1300 2260 μεταβάλλει,
1338 2216 1373 2248 ἓν
1404 2209 1521 2249 οὐδενὶ

140 2270 257 2323 χρόνῳ
291 2269 335 2308 ἂν
364 2275 442 2321 εἴη,
484 2268 585 2309 οὐδὲ
614 2268 774 2309 κινοῖτ’
812 2270 862 2309 ἄν
894 2272 1011 2319 τότε,
1050 2270 1148 2310 οὔδ’
1183 2270 1233 2309 (ἓν
1263 2279 1403 2322 σταίη.
1468 2272 1520 2312 Οὗ

140 2336 217 2387 γάρ.
268 2331 353 2385 Ἆρ’
382 2334 445 2374 οὖν
475 2335 563 2374 οὕτω
596 2339 656 2374 καὶ
687 2333 774 2386 πρὸς
800 2336 862 2379 τὰς
894 2334 999 2379 ἄλλας
1027 2334 1222 2386 μεταβολὰς
1250 2341 1338 2383 ἔχει,
1376 2336 1460 2374 ὅταν
1484 2345 1519 2375 ἐκ

139 2401 206 2436 τοῦ
234 2402 326 2437 εἶναι
355 2402 403 2441 εἰς
433 2398 473 2436 ‘td
508 2398 733 2438 ἀπόλλυσθαι
762 2399 959 2452 μεταβάλλῃ
991 2397 1017 2449 ἦ
1047 2406 1082 2438 ἐκ
1112 2402 1177 2437 τοῦ
1204 2399 1254 2450 μή
1288 2405 1376 2438 εἶναι
1405 2406 1454 2444 εἷς
1476 2403 1518 2439 τὸ

139 2469 339 2511 γιγνεςθαι·
363 2463 493 2513 μεταξύ
517 2478 617 2500 τινων
641 2464 721 2502 τότε
744 2468 895 2512 γίγνεται
917 2464 1082 2513 κινήσεών
1104 2479 1141 2502 τε
1164 2468 1221 2502 καὶ
1246 2465 1423 2510 στάσεων,
1447 2470 1518 2503 καὶ

140 2523 242 2564 οὔτε
268 2531 358 2566 ἔστι
380 2527 484 2566 τότε
510 2524 609 2565 οὔτε
639 2524 714 2565 οὔκ
739 2531 877 2578 ἔστιν,
910 2526 1008 2566 οὔτε
1032 2532 1238 2576 γίγνεται
1261 2526 1358 2566 οὕτε
1384 2527 1517 2566 ἀπόλ-

139 2593 295 2636 λυται;
325 2589 447 2630 ’Ἑοικε
469 2593 575 2639 γοῦν·
609 2591 719 2629 Κατὰ
753 2590 796 2640 δὴ
829 2594 891 2631 τὸν
920 2590 1029 2631 αὐτὸν
1063 2592 1169 2640 λόγον
1200 2598 1258 2630 καὶ
1290 2597 1324 2634 ἐξ
1355 2593 1429 2636 ἑνὸς
1460 2598 1516 2631 ἐπὶ

136 2652 319 2693 madidae
339 2659 400 2694 καὶ
421 2661 461 2695 ἐκ
478 2657 615 2694 πολλῶν
629 2654 682 2707 ἐφ’
706 2653 748 2694 ἓν
772 2654 870 2695 οὔτε
894 2656 944 2694 ἕν
967 2662 1082 2696 ἐστιν
1107 2655 1209 2695 οὔτε
1233 2657 1394 2704 πολλά,
1419 2654 1516 2693 οὒτε

137 2718 409 2768 διακρίνεται
433 2717 532 2759 οὔτε
555 2725 860 2771 συγκρίνεται·
884 2725 953 2760 κτλ.
