1648 2971
684 199 973 243 ...55-

146 309 279 355 tionis
316 307 451 368 gradu
486 306 704 368 pendente
729 310 785 353 ‘et
821 311 866 355 in
900 310 981 356 hac
1016 308 1196 355 alterius
1235 324 1332 355 cum
1368 308 1508 355 altero

146 388 353 431 societate
383 394 426 430 et
455 386 630 429 alterius
657 389 712 429 e'x
746 384 883 430 altero
921 386 1213 447 dependentia
1249 399 1361 438 eam,
1395 402 1509 444 quae

146 466 309 507 summa
339 455 379 507 ei
409 460 683 516 obversetur,
723 461 884 506 ethices
919 464 1147 522 imaginem
1178 462 1411 507 contineri:
1446 462 1511 506 fa-

144 538 229 583 cile
251 537 477 599 apparebit
503 539 549 582 in
579 536 910 596 quaestionibus
940 537 997 583 de
1026 538 1219 583 idearum
1246 543 1402 583 natura
1423 537 1512 596 pri-

145 616 320 657 mariam
350 614 615 658 Platonicae
636 620 679 657 et
714 613 963 658 dialectices
1000 619 1043 657 et
1075 614 1328 673 disciplinae
1362 612 1513 657 sedem

148 702 245 733 esse
274 685 579 747 quaerendam.
1091 733 1099 737 ,

262 764 473 822 Quamvis
517 764 630 807 enim
669 761 933 822 Respublica
977 770 1027 808 ut
1067 762 1169 807 finis
1213 768 1256 806 et
1296 761 1511 821 fastigium

144 838 393 884 Platonicae
430 840 667 898 sapientiae
702 839 1005 884 consideretur
1038 837 1174 898 idque
1207 840 1321 895 jure,
1358 845 1512 893 tamen,

145 920 193 956 ut
224 915 317 971 ejus
354 916 492 973 ipsius
532 916 777 958 exsistentia
805 929 831 958 a
860 914 1083 958 Platonica
1111 920 1291 958 naturae
1318 920 1512 959 contem,-

144 987 337 1045 platione
366 990 642 1046 hominisque
679 993 773 1046 ejus
810 989 1139 1034 conditionibus
1169 989 1351 1032 obnoxii
1376 991 1514 1047 profi-

145 1064 339 1114 ciscitur,
379 1064 524 1107 omnia
562 1064 725 1122 pariter
759 1077 965 1122 purarum
993 1063 1234 1121 specierum
1263 1055 1515 1121 cognitione

144 1141 342 1183 nituntur
372 1145 415 1183 et
443 1153 636 1183 summae
665 1151 777 1196 quae
803 1138 850 1181 in
879 1136 1082 1192 omnibus
1111 1145 1263 1195 regnat
1289 1137 1417 1197 legis,
1448 1139 1515 1183 di-

144 1214 247 1271 vina
283 1212 478 1257 idearum
502 1204 621 1266 rita,
670 1211 981 1256 recordatione
1010 1213 1105 1270 ejus
1141 1212 1263 1271 quod
1298 1228 1399 1256 vere
1434 1220 1511 1260 est.

144 1288 229 1331 Hic
258 1295 324 1332 est
351 1303 578 1347 supremus
615 1290 741 1346 quasi
777 1289 945 1341 aether,
992 1288 1070 1333 ubi
1107 1288 1357 1348 philosophi
1390 1305 1512 1336 mens

145 1365 262 1421 regia
301 1370 479 1408 ornatur
512 1363 742 1422 dignitate,
789 1370 918 1422 atquc
957 1363 1287 1409 immortalitatis
1330 1368 1515 1424 acquirit

145 1440 468 1482 conscientiam.
1148 1483 1150 1485 ,

263 1513 310 1556 Si
342 1513 439 1571 quis
467 1511 597 1570 igitur
626 1513 672 1556 in
703 1525 758 1558 eo
787 1511 972 1566 haereat,
1002 1512 1137 1572 quod,
1161 1528 1293 1573 quum
1322 1516 1456 1560 virtus
1487 1530 1514 1560 e

147 1590 399 1647 cognitione
442 1586 614 1631 dicatur
655 1587 871 1645 pendere,
916 1595 1057 1631 tamen
1090 1588 1256 1635 honum
1293 1597 1341 1634 ut
1375 1590 1513 1636 multo

145 1663 376 1709 sublimius
416 1664 665 1720 cognitione
703 1669 995 1722 proponatur:
1040 1662 1087 1707 id
1126 1663 1302 1723 quidem
1339 1665 1513 1711 facilem

144 1740 277 1785 habet
313 1755 368 1784 eo
404 1739 820 1793 reconciliationem,
867 1739 989 1799 quod
1034 1741 1171 1783 virtus
1214 1740 1411 1786 nondum
1450 1750 1515 1788 est

143 1818 284 1875 ipsum
319 1814 497 1860 bonum.
574 1815 845 1873 Utrumque,
893 1816 1031 1859 virtus
1069 1822 1111 1859 et
1148 1818 1354 1873 cognitio,
1398 1820 1513 1863 viam

146 1893 286 1935 munit
314 1890 370 1935 ad
398 1890 578 1942 bonum,
608 1890 797 1934 studium
827 1897 892 1934 est
920 1890 976 1934 ad
1005 1890 1171 1935 bonum
1191 1891 1513 1950 progrediendi,

145 1967 357 2009 humanae
401 1967 557 2010 mentis
601 1965 707 2009 illuc
740 1964 1021 2024 perveniendi
1057 1966 1273 2009 molimen.
1337 1968 1514 2014 Bonum

138 2048 297 2087 contra
325 2042 467 2099 ipsum
497 2047 563 2084 est
598 2042 787 2100 perfecta
824 2055 1076 2101 summaque
1104 2043 1330 2102 utriusque
1358 2045 1515 2100 unitas,

145 2119 271 2162 Deus
301 2119 395 2176 ipse
424 2118 470 2161 in
501 2118 713 2160 essentiae
743 2118 917 2161 unitate.

269 2194 326 2237 Ut
369 2194 417 2237 in
457 2191 656 2236 Phaedro
700 2191 1040 2251 philosophandi
1084 2193 1267 2250 impetus
1308 2199 1512 2251 tanquam

141 2267 394 2313 vdialectices
434 2275 482 2312 ut
518 2268 676 2312 ameris
712 2269 954 2325 generantis
985 2269 1151 2327 species
1180 2266 1441 2313 describitur
1470 2277 1512 2313 et

148 2342 390 2404 celebratur
422 2342 737 2399 ὲνθουσιασμῷ
768 2342 1001 2402 divinaque
1034 2343 1080 2385 vi
1115 2340 1298 2401 abrepto
1327 2343 1511 2399 fervore,

143 2422 276 2479 ‘eique
305 2421 438 2464 totius
468 2420 719 2464 Platonicae
748 2420 967 2477 cogitandi
1002 2419 1167 2464 formae
1205 2421 1331 2478 quasi
1358 2419 1513 2478 germi-

147 2511 203 2538 na
232 2498 378 2539 insunt
406 2495 597 2551 mythico
623 2495 852 2541 involucro
883 2502 1009 2540 tecta:
1037 2496 1097 2538 ita
1123 2496 1303 2554 propius
1333 2493 1390 2538 ad
1417 2496 1513 2541 eius

146 2571 341 2615 indolem
379 2570 590 2616 accedens
627 2571 823 2615 definitio
864 2571 948 2616 sub
985 2570 1157 2629 regulae
1190 2570 1323 2614 modo
1366 2574 1515 2630 specie

149 2646 389 2705 profertur:
432 2646 521 2689 249
552 2646 597 2692 b.
629 2662 665 2691 c.
703 2647 769 2691 δεῖ
803 2644 890 2707 γὰρ
924 2647 1168 2707 ἄνθρωπον
1196 2646 1389 2701 ξυνιέναι
1416 2647 1511 2693 κατ’

151 2720 267 2775 εἶδος
304 2720 539 2779 λεγόμενον
579 2728 625 2767 ἐκ
667 2723 843 2769 πολλῶν
881 2720 952 2771 ἱὸν
984 2721 1239 2778 αἰσθήσεων
1279 2726 1341 2777 εὶς
1370 2725 1418 2770 ἓν
1445 2726 1511 2769 λο-
