1648 2971
682 214 971 258 ...21—

154 326 579 378 Socratiscontinet,
607 340 705 369 cum
735 326 819 372 iam
837 324 900 369 tin*
923 340 998 380 eo,
1026 336 1114 384 qua
1133 325 1311 368 :ratione
1339 325 1506 385 disqui-

152 402 333 446 rendum
365 404 435 455 sit,
464 400 788 459 quodammodo
808 401 1037 459 expleatur.
1089 402 1183 444 Hac
1204 401 1317 444 enim
1340 404 1507 446 ratione

154 482 295 521 omnia
337 479 453 521 illius
489 477 765 535 problematis
805 476 1017 520 elementa
1057 479 1354 530 continentur,
1397 492 1508 535 quae

153 559 315 596 tantum
344 551 561 610 jungenda
590 559 707 605 sunt,
737 560 783 597 ut
806 552 953 596 'forma
983 552 1156 605 evadat,
1192 568 1306 611 quae
1333 552 1399 596 illi
1428 552 1509 596 So-

153 631 278 671 cratis
308 629 587 686 postulationi
618 628 895 672 omni·'modo
917 627 1169 672 satisfaciat.

271 704 496 762 Quatenus
526 703 722 762 dialogus
750 703 842 748 hoc·
863 702 1059 763 perficiat
1086 700 1341 746 videbimus.

646 902 770 954 PARS
795 869 1002 942 ALTERA.

816 1003 845 1043 1.
1283 1036 1287 1040 .

270 1074 323 1116 A.
385 1072 519 1131 Quod
542 1075 705 1117 *attinet
741 1074 796 1118 ad
834 1076 1012 1133 primam
1050 1073 1329 1132 hypothesin:
1388 1076 1426 1117 εὶ
1462 1077 1508 1116 ἓν

153 1151 284 1199 ἐστιν,
310 1145 419 1191 ἄλλο
449 1164 493 1191 τι
518 1146 596 1192 οὐκ
627 1144 685 1193 ἂν
714 1147 777 1203 εἴη
793 1146 938 1193 πολλὰ
962 1146 1014 1192 τὸ
1047 1152 1093 1192 ἕν
1111 1173 1167 1181 —-
1187 1149 1380 1192 Platonis
1412 1162 1507 1191 sen-

152 1224 284 1265 tentia
316 1224 419 1266 haec
449 1232 527 1267 est:
567 1226 611 1266 in
642 1226 710 1267 sui
740 1226 1003 1267 contrarium
1034 1226 1213 1268 omnino
1243 1238 1333 1268 non
1364 1229 1507 1281 potest

151 1297 282 1341 abire.
342 1298 429 1342 Sed
470 1314 516 1341 ea
553 1301 596 1341 vi
635 1315 719 1356 qua
755 1301 799 1342 in
829 1300 1056 1358 hypothesi
1086 1302 1286 1352 sumitur,
1322 1312 1505 1358 prorsus

151 1371 206 1415 ab
241 1372 443 1417 omnibus
474 1375 727 1431 praedicatis
756 1389 958 1422 vacuum,
987 1374 1098 1418 adeo
1128 1389 1218 1418 non
1250 1382 1316 1418 est
1343 1389 1506 1424 verum,

153 1454 198 1490 ut
228 1450 404 1491 omnino
436 1463 523 1492 non
555 1451 620 1492 sit.

266 1525 413 1566 Unum
435 1524 558 1566 huius
576 1524 872 1582 hypotheseos
894 1537 986 1566 non
1010 1531 1075 1567 est
1093 1523 1212 1574 illud,
1242 1531 1356 1567 extra
1387 1523 1507 1580 quod

151 1597 319 1640 nullum
357 1613 403 1640 se
439 1598 614 1655 praebet
653 1599 791 1650 aliud,
829 1599 988 1656 quippe
1027 1612 1115 1654 quo
1152 1600 1292 1642 omnis
1320 1600 1506 1641 varietas

153 1680 194 1714 et
224 1672 497 1730 singularitas
533 1674 844 1730 com-prehensa
882 1674 1120 1724 evanuerit,
1157 1672 1365 1730 quodque
1400 1672 1507 1716 nihil

152 1746 280 1790 habet
312 1747 395 1790 sibi
425 1749 670 1805 oppositum
696 1733 758 1779 ’--
791 1746 867 1790 sed
897 1746 964 1800 id,
999 1748 1120 1805 quod
1152 1746 1355 1791 omnibus
1384 1762 1507 1806 prae-

152 1822 303 1865 dicatis
334 1830 375 1864 et
403 1823 655 1865 notionibus
684 1822 884 1880 repulsis,
912 1829 1115 1879 tanquam
1137 1822 1413 1879 incogitabile
1431 1824 1507 1865 Ni-

152 1896 213 1939 hil
244 1899 532 1953 cognoscitur.

268 1973 373 2014 Tria
404 1980 504 2015 sunt
533 1970 644 2026 εἴδη,
680 1969 838 2029 quibus
867 1986 1048 2029 prorsus
1080 1978 1270 2022 exutum,
1302 1970 1504 2014 omnibus

152 2048 331 2091 omnino
374 2046 601 2104 speciebus
646 2057 825 2089 vacuum
874 2056 949 2089 est.
1018 2047 1206 2088 Primum
1245 2043 1303 2089 τά
1347 2044 1505 2090 πολλοὶ.

152 2123 226 2166 Sic
254 2137 398 2180 neque
428 2128 568 2179 partes
599 2121 747 2174 habet,
787 2124 929 2178 neque
960 2128 1096 2164 totum
1129 2128 1212 2173 est,
1254 2128 1296 2165 et
1332 2121 1411 2164 hac
1441 2138 1509 2165 ra-

154 2198 272 2240 tione
304 2198 447 2241 onmia
480 2197 605 2254 spatii
634 2196 834 2239 attributa
864 2196 1016 2254 perdit.
1064 2196 1309 2239 Secundum
1339 2193 1391 2240 τὸ
1423 2198 1507 2240 gre·

153 2286 253 2328 ρον;
282 2275 450 2315 tertium
466 2269 643 2315 ταύτόν.
690 2273 756 2316 Ex
779 2272 844 2314 his
868 2272 1019 2324 elucet,
1050 2272 1155 2315 nihil
1186 2272 1365 2315 omnino
1382 2274 1420 2314 ei
1437 2287 1506 2314 re·

153 2345 293 2403 linqui
324 2362 450 2404 quam
482 2362 575 2390 esse
593 2348 756 2398 Unum;
787 2347 971 2390 excludit
989 2347 1275 2391 similitudinis
1293 2354 1335 2391 et
1350 2363 1506 2405 aequa-

153 2421 281 2465 litatis
312 2430 440 2480 atque
471 2438 621 2467 omnes
652 2424 1084 2481 temporisnotiones
1121 2431 1163 2468 et
1193 2440 1280 2468 una
1315 2440 1412 2467 cum
1440 2425 1506 2468 his

156 2511 324 2541 omnem
356 2501 581 2541 essentiam
614 2506 654 2542 et
685 2500 979 2542 exsistentiam.

272 2574 432 2616 Verum
463 2574 609 2616 Unum
629 2573 795 2617 Platoni
825 2588 956 2630 supra
986 2587 1155 2616 omnem
1187 2574 1508 2631 oppositionem

155 2644 338 2692 sublime
368 2664 510 2708 neque
539 2652 743 2709 temporis
777 2648 1101 2693 conditionibus
1132 2648 1370 2692 obnoxium
1401 2665 1509 2704 esse,

155 2721 264 2765 nihil
303 2727 487 2781 pertinet
524 2724 579 2768 ad
616 2724 880 2783 hypothesin
917 2732 1122 2769 nostram.
1187 2726 1329 2770 Huius
1369 2726 1509 2786 hypo-
