1648 2971
655 180 949 224 ...14-

122 293 231 336 toni.
297 291 429 350 Quae
456 291 655 336 identitas
687 291 841 335 eadem
871 296 1048 350 apparet
1075 290 1122 333 in
1151 288 1347 333 Platonis
1378 291 1489 349 phy-

123 369 214 411 sica
243 374 287 411 et
317 368 473 419 ethica,
512 369 623 409 sicut
652 367 933 412 Parmenides
961 368 1186 425 utriusque
1214 365 1491 409 fundamenta

124 446 333 495 continet;
365 442 663 500 contemplans
696 446 807 488 enim
837 443 1039 487 notiones
1069 457 1148 501 per
1178 457 1225 486 se
1253 444 1393 501 ipsas,
1422 441 1488 484 illi

124 520 269 563 altiori
306 534 357 561 ac
391 521 559 577 puriori
592 519 846 577 cognitioni,
876 525 1005 577 atque
1033 518 1119 561 hoc
1149 518 1281 561 modo
1311 519 1492 576 primiti-

124 610 203 638 vae
233 596 495 652 cognitionis
532 603 573 639 et
597 597 807 639 essentiae
830 594 1051 647 identitati,
1081 594 1225 638 locum
1250 599 1490 652 praeparat.

239 671 396 728 Incipit
425 672 701 714 Parmenides
733 683 797 722 e0,
827 677 876 713 ut
906 672 1218 728 separationem
1249 671 1489 726 specierum

123 760 176 789 ac
204 761 350 790 rerum
382 761 406 789 a
437 747 616 790 Socrate
646 747 796 789 factam
827 747 1012 804 arripiat,
1044 745 1132 790 duo
1162 745 1235 788 illa
1265 760 1289 787 a
1311 743 1490 787 Socrate

123 825 278 881 posita,
305 823 475 880 species
508 829 549 864 et
580 836 629 864 ea
651 837 762 879 quae
779 820 945 864 illarum
961 823 1183 880 participia
1203 828 1316 864 sunt,
1354 821 1491 863 Recte

123 898 297 955 quidem
315 904 539 956 ponuntur
552 897 640 939 duo
657 896 744 949 illa,
761 897 1004 939 universale
1025 905 1067 940 et
1085 896 1319 955 singulare3
1350 895 1427 939 sed
1445 901 1492 937 ut

123 973 335 1031 postulari
363 979 526 1015 tantum
556 974 691 1029 possit
724 971 844 1014 Idem
880 971 990 1014 illud
1026 974 1293 1030 primiti'vum
1324 996 1377 1004 -
1406 971 1491 1013 hoc

126 1036 240 1090 enim
271 1061 361 1090 non
390 1049 535 1104 posito
559 1048 700 1088 inanis
723 1047 1077 1102 conjunctionum
1100 1062 1150 1089 ac
1173 1049 1491 1105 separationum

127 1122 263 1174 lusus,
297 1121 439 1178 qualis
469 1121 662 1163 Zenonis
692 1120 779 1172 ille,
811 1122 950 1163 oritur
980 1144 1035 1153 —
1066 1129 1182 1166 tenet
1213 1120 1492 1165 Parmenides

123 1199 440 1255 separationem
478 1195 771 1239 similitudinis
810 1198 948 1254 ipsius
985 1213 1010 1240 a
1048 1197 1328 1240 similitudine
1366 1210 1493 1254 quam

123 1288 205 1316 nos
236 1271 460 1322 habemus,
490 1286 670 1329 eamque
700 1271 903 1330 producit
932 1287 1000 1325 eo,
1030 1280 1077 1315 ut
1106 1275 1284 1315 maxima
1313 1274 1358 1315 in
1388 1287 1493 1315 con-

122 1347 356 1405 jungendis
390 1346 575 1390 duobus'
595 1346 681 1389 illis
713 1347 946 1390 difficultas
976 1348 1249 1404 intelligatur.

241 1422 390 1466 Stadia
426 1428 740 1480 percurruntur
777 1422 896 1465 haec.
965 1423 1273 1466 Declaratione
1312 1421 1365 1465 de
1395 1436 1493 1480 spe-

124 1495 569 1554 ciebus-praemissa,
615 1496 719 1540 ideo
755 1498 998 1540 necessaria
1042 1497 1161 1555 quod
1201 1509 1236 1539 e‘
1264 1496 1492 1554 speciebus

122 1572 255 1615 altera
274 1571 679 1629 conjungendorum
695 1586 796 1628 pars
812 1579 981 1615 constat
997 1592 1054 1605 ·-
1074 1572 1303 1616 obscurior
1320 1572 1492 1629 quidem

125 1646 199 1689 illa
219 1653 284 1688 est
313 1653 361 1688 ut
390 1647 529 1688 statim
546 1647 817 1704 perspicitur,
849 1647 1027 1691 Socrate
1046 1647 1151 1705 quid
1173 1662 1255 1704 pro
1273 1649 1417 1705 specie
1440 1648 1493 1690 sit

125 1720 424 1780 accipiendum
454 1722 691 1777 ignorante,
722 1736 834 1778 quae
867 1721 921 1764 de
951 1722 1083 1766 rebus
1107 1731 1256 1766 contra
1279 1723 1492 1766 dubitatio

126 1798 350 1840 oriri-non
376 1802 520 1854 potest
541 1819 599 1830 --
623 1811 708 1854 qua
739 1797 887 1840 eadem
918 1798 1125 1841 indirecta
1156 1800 1322 1840 ratione
1353 1797 1496 1840 decla-

123 1879 274 1916 rantur
311 1873 479 1929 species
518 1872 780 1915 universalia
819 1888 913 1915 esse
951 1874 1145 1914 omnium
1185 1887 1348 1923 rerum;
1390 1887 1494 1915 con-

123 1950 253 1992 vertit
290 1962 337 1990 se
376 1946 653 1991 Parmenides
697 1948 752 1991 ad
797 1946 1038 2006 excipiendi
1079 1949 1170 1991 sive
1207 1947 1493 2007 participandi

126 2024 294 2067 modos.
1361 2035 1363 2038 ’

242 2096 412 2140 Eodem
443 2100 539 2155 jure
569 2114 657 2156 quo
697 2101 866 2157 species
905 2105 947 2141 et
983 2109 1051 2142 res
1084 2099 1225 2142 adhuc
1255 2098 1340 2141 sibi
1366 2100 1494 2141 vicis-

127 2175 206 2217 sim
234 2173 404 2216 alienae
435 2179 555 2226 sunt,
592 2173 745 2217 relatio
782 2175 913 2216 totius
951 2189 1001 2217 ac
1030 2177 1212 2232 partium
1244 2174 1299 2217 ad
1330 2188 1402 2217 eas
1433 2174 1493 2216 af-

128 2250 278 2301 fertur,
308 2256 350 2293 et
379 2249 459 2292 hac
488 2265 537 2293 re
567 2264 715 2292 earum
747 2251 995 2308 conjunctio
1026 2265 1081 2293 ne
1108 2251 1205 2293 fieri
1233 2252 1370 2309 possit
1401 2248 1493 2292 erfi-

127 2328 252 2369 citur.
282 2333 285 2335 '
317 2326 514 2369 Socrates
548 2333 718 2378 contra,
756 2328 880 2383 quasi
910 2326 1095 2368 naturali
1133 2326 1320 2383 quodam
1351 2340 1493 2377 sensu,

128 2401 492 2457 comparationem
517 2401 781 2459 praeclaram
810 2403 1030 2459 proponit,
1061 2416 1170 2458 quae
1200 2416 1247 2444 re
1279 2415 1380 2444 vera
1412 2401 1493 2443 dif-

126 2476 361 2521 ficultatem
393 2476 507 2518 tollit
536 2485 576 2519 et
606 2479 957 2534 conjunctionem
988 2485 1140 2521 servat.
1185 2479 1303 2520 Haec
1325 2483 1494 2518 senten-

128 2543 255 2596 tia'ei
285 2550 500 2603 tribuitur,
532 2554 632 2608 quia
662 2553 772 2596 illud
804 2553 921 2612 quod
941 2553 1160 2596 contendit
1187 2549 1244 2596 τὰ
1264 2548 1356 2605 εἴδη
1378 2547 1492 2595 αὐτοὶ

129 2625 243 2671 καθ’
278 2625 392 2671 αὐτὰ
422 2630 640 2681 exsistere,
678 2645 828 2673 verum
864 2636 928 2673 est
957 2628 1162 2688 nullaque
1192 2629 1359 2671 ratione
1389 2627 1496 2671 alte-

129 2716 223 2747 rum
255 2702 464 2757 excludit;
507 2706 585 2750 sed
616 2720 712 2749 cum
744 2706 964 2750 declarare
993 2706 1187 2750 nondum
1218 2706 1323 2748 sciat
1352 2718 1495 2761 neque
