1648 2971
693 184 979 229 .-13-

218 406 304 455 DE
359 408 540 456 NEXU
591 400 993 456 PARMENnns
1044 404 1335 468 FINEQUE
1383 406 1445 453 Er

209 489 213 498 ·
624 486 1011 542 PROPoslTO.

672 670 799 710 PARS
822 669 989 723 Paion.

236 753 365 811 Quae
387 753 443 796 sit
463 752 719 811 significatio
749 756 910 811 primae
939 752 1074 811 partis
1102 749 1174 793 vel
1205 750 1369 794 exordii
1399 754 1513 809 ejus-

148 842 231 886 que
261 827 315 872 ad
347 834 510 873 ceteras
540 827 702 886 dialogi
737 835 879 887 partes
915 830 1046 881 ratio,
1084 829 1361 886 perspicuum
1395 827 1514 879 vide⁴¹

147 910 235 956 tur,
264 903 499 948 dummodo
529 903 754 961 explicatio
784 903 841 947 ab
873 919 928 947 eo
958 903 1261 962 proficiscatur
1287 902 1423 961 idque
1452 909 1514 946 te-

145 985 266 1032 neat,
306 980 381 1036 qui
410 979 542 1021 totius
573 979 628 1019 sit
654 976 817 1034 dialogi
846 975 962 1020 finis.
1026 978 1106 1021 Est
1134 993 1240 1023 vero
1269 978 1341 1020 hic
1368 980 1515 1022 notio*

145 1068 248 1097 num
276 1068 411 1097 nexus
443 1051 706 1095 dialecticus.

231 1129 288 1173 Et
315 1134 501 1186 negante
531 1128 719 1171 Zenonis
752 1125 995 1179 dialectica,
1026 1141 1051 1170 a
1082 1141 1168 1185 qua
1196 1128 1346 1186 incipit
1377 1127 1516 1172 dialo—

146 1218 250 1260 gus,
291 1206 415 1262 quasi
446 1219 469 1246 a
499 1204 729 1261 praeterita
759 1200 944 1259 quadam
974 1215 1023 1244 re
1054 1209 1096 1245 et
1125 1216 1181 1245 ne
1210 1202 1307 1245 falsi
1329 1206 1516 1261 opposi-

144 1281 209 1323 tio
241 1278 526 1330 desideretur,
558 1284 606 1321 ut
635 1275 1053 1321 Schleiermacberus
1085 1276 1207 1330 dicit,
1249 1286 1291 1321 et
1320 1278 1515 1322 Socratis

145 1353 249 1397 inde
289 1360 383 1396 orta
422 1355 587 1410 majore
622 1351 915 1411 postulatione
944 1367 1073 1396 verae
1114 1354 1216 1396 artis
1251 1353 1516 1403 dialecticae.

146 1437 276 1472 etex
313 1427 647 1486 approbatione,
695 1441 823 1484 quam
866 1428 1023 1484 accipit
1066 1427 1151 1469 hoc
1187 1428 1452 1484 postulatum
1491 1445 1515 1472 a

144 1502 413 1555 Parmenide,
467 1502 671 1547 omnibus
709 1501 777 1545 his
816 1507 859 1545 et
897 1501 1061 1545 directe
1098 1508 1141 1546 et
1174 1502 1384 1548 indirecte
1414 1503 1514 1548 finis

146 1578 308 1634 dialogi
339 1578 605 1635 significatur
635 1590 686 1619 ac
716 1575 967 1620 declaratur.

199 1696 204 1702 .
233 1655 336 1700 Non
367 1651 591 1711 quomodo
622 1666 692 1695 res
723 1657 1040 1709 cognoscantur
1060 1666 1296 1711 earumque
1316 1668 1414 1696 cum
1438 1670 1518 1698 no·

145 1728 337 1773 tionibus
362 1728 715 1784 conjunctionem
736 1726 895 1770 docere
925 1734 1078 1770 nostro
1109 1727 1288 1786 dialogo
1318 1732 1520 1788 proposi-

145 1812 235 1848 tum
266 1811 350 1856 est,
381 1803 459 1846 sed
490 1804 779 1859 cognitionem
810 1804 962 1861 ipsam.
1012 1803 1123 1846 Nam
1153 1803 1207 1847 ad
1240 1804 1359 1847 illam
1390 1820 1518 1861 quae-

146 1881 327 1928 stionem
348 1877 671 1935 expediendam,
700 1879 783 1920 nisi
802 1877 883 1920 hac
907 1877 1124 1935 explicata,
1155 1879 1362 1936 progredi
1382 1893 1517 1936 posse

146 1956 358 1998 neminem
389 1959 570 1998 constat.
639 1951 739 2009 Qua
777 1954 823 1995 in
854 1955 1111 1997 necessitate
1138 1955 1321 1996 interior
1350 1952 1516 2011 disqui-

146 2032 314 2073 sitionis
339 2027 592 2084 exordiique
623 2028 874 2085 conjunctio
904 2030 1046 2086 posita
1078 2036 1161 2079 est;
1192 2029 1304 2071 hanc
1336 2028 1395 2072 ob
1426 2044 1518 2073 rem

145 2108 285 2149 statim
323 2104 378 2148 de
414 2118 559 2148 rerum
595 2118 645 2145 ac
675 2105 901 2148 notionum
933 2102 1147 2148 relatione
1178 2106 1334 2161 agitur,
1373 2113 1415 2148 et
1446 2105 1520 2149 de-

145 2180 394 2223 finitionum
427 2193 536 2237 quae
568 2193 615 2221 se
648 2177 840 2222 offerunt
870 2178 1163 2237 ambiguitate,
1193 2179 1298 2237 quid
1328 2182 1517 2238 primum

147 2258 337 2299 omnium
369 2253 664 2315 explicandum
696 2255 769 2305 sit,
808 2254 1012 2307 docetur,
1052 2270 1110 2298 sc.
1140 2256 1368 2299 notionum
1405 2258 1517 2314 ipsa·

147 2348 240 2377 rum
271 2346 427 2375 nexus:
460 2330 580 2389 quod
612 2328 778 2387 perficit
807 2336 896 2374 tum
927 2333 1126 2388 quaestio
1155 2332 1264 2389 ipsa.

232 2408 390 2451 Positis
436 2406 506 2450 bis
551 2405 868 2452 exercitationis
920 2405 1172 2451 dialecticae
1217 2406 1516 2457 fundamentis,

147 2485 281 2528 series
301 2482 571 2540 dialogorum
597 2482 871 2540 sequentium
894 2483 1106 2527 rationem
1130 2484 1176 2527 in
1207 2481 1386 2526 exordio
1415 2495 1518 2538 pro-

146 2560 275 2603 latam
301 2560 540 2603 accuratius
563 2558 781 2616 explicans
804 2560 1092 2616 persequitur,
1124 2559 1264 2602 donec
1281 2559 1517 2616 praemium

148 2637 250 2678 artis
290 2635 544 2679 dialecticae
587 2634 743 2692 adepta
780 2632 835 2676 ad
875 2633 1036 2677 calcem
1074 2635 1269 2691 pervenit
1309 2635 1523 2691 genuinae

147 2708 401 2763 identitatis,
432 2709 579 2767 quoad
611 2710 738 2753 huius
768 2715 963 2753 naturam
995 2711 1241 2768 perspicere
1272 2709 1395 2754 licuit
1423 2710 1522 2753 Pla-

1210 2785 1240 2828 2
