1648 2971
689 222 980 268 -43-

163 336 289 391 tatis)
322 349 435 396 quae
475 338 619 381 tamen
652 333 695 378 ei
737 347 828 377 non
872 340 941 378 est
975 332 1178 394 propria,
1218 332 1403 388 speciem
1437 329 1526 375 sibi

157 413 371 468 vindicet,
408 417 451 456 et
479 417 681 470 tanquam
711 407 874 468 ὄγκους
898 400 1110 455 rationem
1137 406 1287 451 ἄλλων
1314 404 1525 461 ἀλλήλων,

161 503 351 547 cumque
387 502 439 532 ea
473 488 643 531 ratione
678 487 825 531 omnia
861 491 903 528 et
929 484 1176 543 praedicata
1203 488 1251 528 et
1279 480 1526 526 discrimina

157 569 359 618 assumat,
386 564 587 607 videatur
614 568 730 606 certe
759 573 990 606 assumere.
1010 550 1013 555 ¹
1034 561 1148 604 Nam
1178 565 1222 604 et
1239 556 1386 616 ὄγκος,
1406 558 1527 602 omni

160 639 366 699 qualitate
393 640 422 683 i.
446 654 482 683 e.
504 639 689 683 essentia
716 636 915 690 nudatus,
945 649 1037 679 non
1065 641 1209 693 potest
1235 649 1327 679 non
1354 635 1402 678 in
1420 633 1527 688 πλῆ-

158 718 252 770 θος
276 714 423 760 'abir-e.
482 714 628 759 Possit
662 726 765 758 sane
800 715 943 757 videri
972 712 1044 756 hic
1082 723 1263 769 quoque
1292 709 1526 754 discrimen

159 800 203 838 et
229 792 438 837 terminus
478 783 630 843 statui3
670 789 795 848 quod
823 796 967 835 tamen
997 788 1140 847 ipsum
1168 800 1320 831 rursus
1350 786 1396 830 in
1424 786 1526 830 infi-

153 870 290 914 nitam
325 865 644 912 multitudinem
680 867 789 923 abit,
836 867 913 925 qui
941 877 1204 925 progressus
1232 864 1280 917 in
1307 860 1525 907 infinitum

155 946 376 1004 repetitur.
1151 975 1158 982 .
1339 951 1342 953 ’

265 1017 416 1073 ’Όγκος
445 1020 513 1058 est
537 1012 592 1058 τὸ
620 1013 818 1069 πλῆθος,
847 1014 991 1073 (quod
1017 1028 1125 1069 vera
1150 1016 1414 1060 externitatis
1443 1021 1526 1060 no-

154 1094 219 1138 tio
250 1092 341 1144 est)
376 1087 539 1133 finibus
581 1090 972 1149 circumscriptum,
1012 1090 1067 1134 iis
1104 1095 1248 1135 tamen
1276 1105 1370 1137 non
1398 1092 1526 1146 veris,

155 1168 236 1214 sed
264 1168 434 1213 termini
462 1172 658 1211 naturam
688 1172 852 1210 tantum
882 1165 1206 1218 simulantibus;
1234 1167 1432 1212 simulata
1462 1175 1528 1212 at-

154 1258 242 1302 que
283 1243 482 1286 ementita
519 1243 660 1286 Unius
698 1242 888 1300 species,
936 1255 1067 1300 quam
1109 1240 1213 1285 ideo
1252 1237 1304 1285 τὸ
1340 1242 1527 1296 πλῆθος

152 1326 203 1363 ut
231 1317 320 1362 sibi
349 1323 567 1361 externam
597 1324 640 1361 et
671 1316 853 1361 alienam
874 1316 1005 1361 solvit
1026 1318 1073 1361 in
1094 1316 1336 1362 infinitum·
1369 1317 1525 1377 ''nyog

151 1393 347 1438 nondum
383 1392 496 1437 illud
535 1399 602 1437 est
641 1399 868 1450 quantum,
909 1392 1034 1450 quod
1070 1393 1220 1437 dicunt
1257 1393 1525 1454 specfficum,

152 1471 279 1526 cujus
316 1467 619 1513 determinatio
649 1474 692 1512 et
717 1469 898 1512 mutatio
929 1467 1149 1528 qualitatis
1176 1482 1359 1529 quoque
1386 1477 1525 1515 muta-

150 1547 319 1591 tionem
348 1547 580 1590 contiueat.

266 1620 526 1664 Tractantur
554 1622 602 1665 in
630 1620 712 1664 hac
738 1625 860 1679 parte
888 1611 1032 1663 τᾶλλα
1062 1632 1193 1678 quae,
1231 1619 1374 1665 Unius
1410 1636 1525 1667 non-

153 1698 342 1740 essentia
372 1697 536 1753 posita,
565 1709 747 1754 prorsus
778 1696 896 1739 omni
926 1695 1182 1753 praedicato
1210 1698 1380 1753 privata
1410 1704 1524 1748 sunt,

151 1771 342 1830 ideoque
373 1772 518 1815 omnia
547 1770 796 1828 praedicata
826 1778 869 1815 et
898 1770 1148 1815 discrimina
1180 1784 1293 1829 quae
1321 1770 1522 1829 subjecto

151 1848 279 1901 (τοῖς
315 1844 490 1902 ἄλλοις)
531 1860 556 1889 e
591 1862 670 1890 sua
706 1854 864 1891 natura
900 1849 1184 1899 conveniunt,
1218 1861 1311 1890 non
1347 1861 1452 1891 vere
1482 1850 1524 1892 ei

151 1923 436 1975 conveniunt,
474 1919 554 1965 sed
589 1928 754 1966 tantum
789 1922 992 1965 videntur
1028 1922 1277 1966 convenire.
1343 1920 1521 1967 Conve-

149 1999 275 2042 niunt
306 1996 481 2054 quidem
512 1996 661 2054 quoad
691 1998 953 2055 primitivum
984 1997 1209 2042 discrimen
1241 1998 1334 2041 eius
1364 2005 1521 2042 natura

150 2074 414 2126 continetur,
450 2086 534 2116 nec
570 2080 713 2118 tamen
746 2087 868 2126 vere,
909 2087 1043 2132 quum
1072 2074 1178 2119 Uno
1209 2074 1264 2119 sit
1292 2075 1519 2133 privatum,

149 2148 275 2208 quod
302 2163 395 2195 non
425 2162 522 2193 esse
550 2150 742 2207 positum
772 2155 878 2195 erat.

265 2369 323 2413 J).
381 2369 477 2415 Hac
517 2369 664 2430 ὄγκων
704 2369 900 2416 simulata
947 2372 1095 2432 specie
1136 2371 1353 2431 neglecta,
1401 2372 1519 2418 sola-

150 2459 239 2503 que
281 2444 426 2490 Unius
472 2449 803 2494 non-essentia
847 2454 1040 2501 retenta,
1099 2446 1159 2492 τὰ
1207 2447 1322 2493 ἄλλοι
1366 2448 1518 2493 itidem

149 2534 332 2577 prorsus
371 2536 517 2582 neque
538 2532 672 2589 punt,
707 2538 845 2580 neque
878 2523 1080 2568 videntur
1116 2539 1226 2569 esse.
1286 2525 1334 2569 Si
1368 2525 1517 2568 Unum

148 2611 331 2654 prorsus
372 2613 463 2644 non
500 2614 614 2645 esse*
637 2601 832 2661 ponitur,
881 2615 1025 2659 neque
1070 2600 1157 2645 ulla
1203 2602 1297 2644 eius
1342 2601 1515 2659 species

148 2672 347 2719 simulata
400 2674 606 2720 exsistere
653 2682 826 2736 potest,
887 2690 1031 2736 neque
1086 2673 1143 2720 τὰ
1197 2670 1346 2729 ἄλλαὸ
1404 2675 1514 2722 nihil

148 2746 288 2805 igitur.
