1648 2971
671 185 962 256 ..17-

138 302 279 338 autem
316 296 444 339 unius
484 294 763 352 eiusdemque
798 297 957 352 speciei
998 298 1246 340 necessario
1283 298 1499 355 particeps

138 378 220 423 est,
259 372 382 428 cujus
414 377 456 414 et
484 370 606 414 illud
626 373 697 414 cui
724 371 863 414 simile
894 380 977 424 est;
1021 380 1063 415 at
1097 386 1189 432 quo
1219 371 1497 430 similia-par-

136 448 354 504 ticipantia
391 446 547 489 similia
580 446 714 500 fiunt,
750 446 861 489 illud
899 448 994 504 ipsa
1029 452 1191 503 species
1227 449 1309 491 erit
1344 470 1396 482 —·-
1427 447 1497 488 hic

135 523 300 579 species
338 521 584 579 postulatur
621 529 667 564 ut
705 523 993 580 conjungenS,
1015 522 1359 566 similitudinem
1392 535 1496 564 con-

134 596 334 647 stituens;
365 596 442 639 sed
472 598 560 653 jam
591 596 716 640 desiit
736 613 840 642 «esse
870 604 912 641 et
940 598 1033 655 ipsa
1064 597 1175 649 facta
1203 598 1339 640 simile
1369 596 1496 655 quid;

131 695 187 702 —-
211 672 340 728 igitur
369 687 460 715 non
491 657 635 729 potest
666 672 899 731 quidquam
928 674 1094 730 speciei*
1120 672 1259 714 simile
1288 687 1384 715 esse
1412 686 1495 716 nec

130 750 297 804 species
328 747 469 797 alteri3
500 756 596 789 na'm
628 755 798 805 praeter
825 751 963 807 ipsam
994 748 1181 804 speciem
1213 748 1380 804 species
1410 747 1491 789 alia

130 828 380 879 emergeret:
426 822 542 880 quod
583 825 617 866 si
649 823 722 866 illa
752 825 951 881 cuiquam
983 824 1037 864 sit
1068 817 1240 875 similis,
1283 822 1365 866 alia
1397 836 1492 865 rur-

130 911 216 947 sus,
246 912 327 939 nec
356 912 544 953 unquam
575 912 833 953 progressus
862 900 943 939 iste
972 897 1174 940 cessabit.

246 970 372 1027 Quae
403 972 562 1028 optime
578 971 753 1024 docent,
783 972 1102 1017 similitudinem
1121 973 1376 1029 categoriam
1395 984 1491 1014 esse

128 1045 363 1097 relationis,
395 1061 445 1088 ac
473 1061 655 1104 prorsus
686 1046 767 1088 alia
796 1048 964 1089 ratione
985 1048 1170 1103 speciem
1193 1045 1360 1102 singula
1376 1060 1490 1088 com-

126 1120 406 1180 prehendere,
438 1128 480 1164 et
509 1135 691 1179 prorsus
720 1121 803 1164 alia
833 1120 1002 1180 singula
1032 1120 1087 1164 ab
1110 1135 1159 1163 ea
1179 1121 1490 1179 comprehensa

126 1200 283 1249 teneri,
314 1213 440 1254 quam
472 1197 682 1239 relatione
712 1191 1016 1241 similitudinis,
1082 1196 1196 1239 Sane
1227 1197 1403 1255 quidem
1448 1204 1489 1239 et

126 1272 293 1328 singula
330 1271 482 1314 similia
529 1273 689 1329 speciei
725 1279 824 1314 sunt
862 1278 904 1314 et
949 1268 1112 1331 species
1157 1272 1360 1330 singulis,
1408 1271 1485 1314 sed

124 1346 231 1388 haec
266 1361 356 1389 non
395 1362 497 1389 vera
535 1353 600 1388 est
636 1347 907 1403 singulorum
938 1347 993 1390 ad
1023 1349 1210 1405 speciem
1240 1349 1365 1391 ratio.
1422 1347 1488 1388 Ex

125 1420 331 1463 hocloco
352 1422 624 1479 perspicitur,
649 1420 871 1464 Platonem
903 1436 999 1464 cum
1028 1420 1231 1479 loquatur
1261 1421 1320 1466 de
1350 1434 1490 1466 exem-

123 1495 315 1552 plaribus
346 1511 396 1538 ac
427 1496 680 1548 simulacris,
711 1511 982 1553 nequaquam
1015 1496 1097 1538 sub
1129 1498 1341 1554 categoria
1371 1497 1487 1537 simi-

124 1570 317 1615 litudinis
362 1586 412 1615 ea
456 1573 634 1629 cepisse.
716 1571 902 1615 Multum
940 1571 1104 1623 aberat,
1153 1580 1199 1615 ut
1235 1569 1485 1629 hujusmodi

125 1649 382 1702 principium
414 1647 715 1704 philosophiae
744 1661 848 1689 suae
877 1654 1176 1703 praeponeret.

239 1722 564 1778 Argumentatio
595 1722 724 1778 hujus
752 1721 837 1765 loci
868 1729 952 1765 tam
983 1721 1108 1764 firma
1140 1727 1216 1774 cst,
1245 1720 1487 1780 explicatio,

123 1797 346 1854 quomodo
387 1798 553 1852 species
585 1798 628 1837 in
659 1796 827 1839 finitum
861 1797 987 1839 abeat
1017 1803 1058 1838 et
1087 1810 1344 1854 progressus
1374 1798 1486 1838 oria-

123 1879 192 1914 tur
221 1873 265 1914 in
296 1869 511 1914 infinitum
544 1872 662 1914 omni
695 1885 719 1913 a
747 1872 924 1914 veritate
948 1870 1209 1925 abhorrens,
1247 1878 1332 1915 tam
1363 1887 1481 1930 egre-

122 1949 211 2004 gia,
257 1954 303 1989 ut
340 1954 421 1989 stet
458 1962 539 2004 pro
577 1954 665 1989 tota
695 1946 969 2005 philosophia
1006 1963 1147 2005 neque
1177 1947 1262 1990 ulla
1296 1961 1482 2005 unquam

121 2025 285 2067 ratione
315 2023 491 2066 refutari
521 2025 671 2081 possit.

235 2101 347 2141 Tum
363 2099 554 2155 pergitur
568 2100 648 2139 sic:
674 2096 784 2152 ὁρᾷς
797 2090 953 2148 οὗν,--
971 2095 1053 2150 ὅση
1072 2094 1100 2151 ἦ
1120 2095 1299 2154 ἀπορία,
1315 2121 1372 2129 --
1384 2101 1421 2140 εὶ
1438 2101 1485 2140 ἓν

120 2172 236 2225 εἶδος·
265 2177 448 2218 ἕκαστον
476 2173 564 2216 τῶν
594 2171 733 2216 ὄντων
770 2168 838 2215 ἀεί
872 2188 917 2215 τι
945 2169 1269 2233 ἀφοριζόμενος
1297 2169 1482 2225 &boses-,-

121 2248 203 2300 ὅση
232 2245 260 2299 ἡ
292 2247 475 2304 ἀπορία,
507 2245 583 2290 ἐάν
612 2264 678 2298 τις
708 2245 765 2296 ὡς
793 2246 886 2299 ε’ίδη
917 2245 1028 2289 ὄντα
1058 2245 1174 2289 αὐτὰ
1203 2245 1308 2289 καθ’
1344 2244 1480 2290 ἑαυτὰ

119 2322 384 2379 διορίζηταις
441 2336 564 2366 namt
616 2321 655 2366 εἴ
689 2339 755 2372 τις
790 2323 904 2379 φαίη
940 2323 1049 2378 μηδὲ
1093 2319 1332 2377 προσήκειν
1366 2318 1482 2365 αὐτοὶ

119 2395 443 2455 γιγνώσκεσθαι
480 2396 590 2442 ὄντα
626 2397 811 2443 τοιαῦτα
850 2394 925 2441 οἷά
962 2411 1109 2459 φαμεν
1148 2397 1241 2442 δεῖν
1276 2396 1388 2442 εἶναι
1423 2396 1480 2440 τὰ

118 2472 229 2527 ε’ίδη,
278 2473 342 2529 τῷ
379 2473 522 2516 ταῦτα
560 2477 730 2530 λέγοντι
766 2472 849 2517 οὐκ
886 2472 944 2517 ἄν
980 2476 1072 2530 ἔχοι
1098 2490 1164 2525 τις
1194 2473 1480 2526 ἐνδείξασθαι

119 2545 189 2591 ὅτι
216 2546 438 2606 ψεύδεται.
848 2586 850 2588 .

232 2625 330 2667 Hoc
360 2625 475 2668 dicto
506 2623 793 2668 Parmenidis:
830 2629 995 2680 quanta
1024 2628 1080 2665 sit
1107 2624 1362 2678 difficultas,
1390 2638 1477 2666 ma-

121 2697 228 2742 xima
257 2698 487 2745 adducitur
516 2701 732 2759 separatio
764 2713 817 2745 eo
848 2705 1115 2759 praeparata,
1146 2698 1266 2756 quod
1296 2715 1365 2745 res
1397 2715 1478 2744 nec
