1648 2971
699 180 991 223 -18-

158 289 445 336 similitudine
465 306 547 336 nec
563 291 817 349 accipiendo
837 292 1076 351 specierum
1090 291 1320 349 participes
1336 299 1449 346 sunt,
1474 292 1529 335 si-

157 374 234 411 cut
251 375 294 412 et
322 368 409 412 hoc
436 368 522 424 jam
551 367 675 409 initio
706 369 897 425 positum
928 367 1078 420 fuerat,
1109 382 1206 411 cum
1231 368 1414 411 societas
1445 382 1532 412 am-

156 443 315 487 borum
346 441 542 485 nondum
573 441 838 499 intelligatur
867 442 944 485 sed
975 450 1221 501 quaeratur.
1280 444 1318 485 E
1350 457 1434 500 qua
1465 456 1532 484 se-

157 520 381 578 paratione
418 519 478 560 in·
501 516 593 562 duo
625 517 811 561 discerni
843 517 1000 562 dicitur
1028 518 1215 562 mundus
1245 519 1384 577 pretio
1414 518 1533 561 inae-

159 592 322 651 qualia,
358 592 543 636 alterum
573 593 808 651 perfectum
840 600 883 636 et
912 608 1085 644 verum,
1121 593 1301 637 alterum
1331 593 1532 652 imperfe-

160 675 272 711 ctum
303 674 433 726 atque
462 667 609 720 vilem,
648 681 738 710 non
774 669 1073 728 participantia
1101 668 1186 713 sibi
1215 669 1416 720 invicem,
1450 682 1532 711 nec

160 742 348 787 deorum
377 742 625 787 hominibus
655 757 798 801 neque
827 743 1051 789 hominum
1082 744 1165 789 diis
1188 751 1350 804 partem
1371 741 1534 787 haben-

161 817 293 863 tibus.

277 895 376 937 Hoc
405 907 512 938 vero
543 907 821 951 consequens
852 896 953 945 erit,
990 895 1027 937 si
1058 896 1156 952 quis
1187 893 1534 953 unumquodque

159 984 241 1028 per
279 984 327 1012 se
363 984 493 1012 unam
531 969 720 1027 speciem
749 984 920 1029 semper
949 977 1188 1029 separatam
1218 985 1387 1029 ponere
1415 968 1531 1021 velit,

160 1067 221 1079 —
251 1045 416 1089 scilicet
446 1059 553 1088 vero
584 1046 679 1102 ejus
711 1060 808 1088 cum
840 1046 1022 1104 singulis
1059 1061 1174 1090 nexu
1209 1045 1404 1090 nondum
1439 1059 1534 1104 per-

163 1127 331 1179 specto.
1142 1177 1144 1179 v

160 1197 461 1239 Veruntamen
478 1193 652 1237 rediens
671 1193 727 1237 ad
743 1208 832 1237 rem
848 1195 1125 1240 Parmenides
1141 1196 1276 1240 addit:
1302 1196 1362 1255 (p.
1374 1196 1459 1239 135
1472 1194 1538 1249 b.)

162 1268 202 1316 εἴ
229 1269 287 1324 δή
315 1273 364 1327 γέ
391 1288 459 1322 τις
482 1293 537 1301 -
560 1268 624 1327 μὴ
657 1267 773 1314 ἐάσει
800 1270 892 1324 εἴδη
922 1272 1009 1315 τῶν
1038 1267 1182 1315 ὄντων
1211 1268 1409 1323 εἴναι,-
1425 1272 1537 1327 μηδὲ

160 1362 204 1389 τι
241 1343 426 1403 ὁριεῖται
457 1344 573 1396 εἶδος
609 1343 705 1397 ἑνὸς
744 1342 953 1398 ἑκάστου,
1006 1344 1130 1391 οὐδὲ
1177 1344 1303 1390 ὅποι
1348 1348 1537 1403 τρέψει

161 1419 258 1474 τὴν
302 1419 559 1465 διάνοιαν
603 1421 725 1474 ἕξει,
774 1419 841 1477 μὴ
887 1422 979 1464 ἐῶν
1025 1422 1176 1465 ἰδέαν
1218 1421 1318 1464 τῶν
1365 1419 1536 1464 ὄντων

162 1493 395 1541 ἑκάστου
440 1494 539 1549 τὴν
585 1491 880 1550 αὐτὴν-ἀεὶ
916 1492 1076 1549 εἶναι,
1125 1498 1214 1541 καὶ
1259 1495 1401 1540 οὕτω
1439 1494 1537 1550 τὴν

162 1571 260 1616 τοῦ
316 1572 681 1629 διαλέγεσθαι
738 1568 977 1629 δύναμιν
1041 1569 1360 1616 παντάπασι
1418 1572 1538 1615 δια-

165 1648 381 1707 φθερεῖ.

282 1723 427 1780 Pergit
455 1728 562 1766 tum:
608 1721 792 1779 „Opera
832 1722 975 1766 danda
1015 1729 1079 1766 est
1110 1721 1357 1765 dialecticis.
1418 1723 1538 1765 ἕλκυ-

165 1811 250 1841 σον
280 1797 328 1840 δὲ
359 1794 526 1841 σαυτὸν
554 1799 627 1842 καὶ
652 1794 880 1856 γύμνασον
902 1799 1076 1855 μᾶλλον
1106 1795 1182 1840 διὰ
1209 1797 1286 1849 τῆς
1318 1794 1535 1850 δοκούσης

166 1869 396 1930 ἀχρήστου
427 1872 539 1916 εἶναι
579 1875 651 1917 καὶ
689 1874 962 1929 καλουμένης
995 1868 1081 1916 ὑπὸ
1111 1871 1198 1916 τῶν
1227 1871 1404 1915 πολλῶν
1434 1869 1537 1915 ἀδο-

165 1947 372 2006 λεσχίας”
407 1964 505 1992 cum
544 1963 596 1992 ex
624 1955 697 1992 tua
728 1964 854 2006 quam
898 1947 1042 1992 adhuc
1079 1947 1317 2006 patefecisti
1356 1962 1540 2005 cognos-

168 2024 296 2066 cendi
334 2024 536 2068 facultate
577 2023 750 2067 easdem
788 2039 955 2083 semper
994 2039 1044 2067 ac
1079 2039 1158 2081 per
1201 2038 1249 2066 se
1285 2024 1538 2066 exsistentes

167 2099 339 2156 species
368 2122 426 2130 —-
456 2106 556 2142 sunt
585 2099 760 2142 eaedem
793 2115 963 2158 semper
999 2115 1049 2142 ac
1084 2114 1165 2157 per
1194 2112 1242 2140 se
1273 2099 1536 2150 exsistentes,

169 2172 247 2215 sed
285 2172 461 2216 eaedem
501 2188 636 2231 quum
673 2175 760 2216 sint
796 2188 887 2216 non
927 2181 1068 2218 tamen
1104 2177 1282 2230 ⁴omnino
1328 2170 1537 2216 discretae

169 2249 282 2291 inter
311 2263 359 2291 se
390 2256 432 2292 et
464 2264 488 2292 a
519 2247 653 2292 rebus
685 2273 740 2282 —
773 2249 1001 2292 ostendere
1030 2264 1121 2292 non
1151 2247 1381 2306 potueris.'’

288 2323 350 2366 Ut
378 2323 433 2367 ad
462 2324 546 2367 hoc
574 2325 873 2383 perveniatur,
913 2324 1015 2368 finis
1046 2331 1136 2367 erat
1168 2321 1345 2366 exordio
1376 2336 1541 2381 propo-

173 2400 302 2452 situs3
347 2412 458 2454 quae
500 2401 710 2442 sententia
756 2403 896 2443 statim
945 2400 1275 2456 diligentissime
1321 2396 1539 2440 definitur.

173 2474 360 2533 Quaerit
380 2472 602 2516 Socrates:
631 2473 764 2531 „Quo
794 2474 905 2518 hanc
934 2475 1286 2519 exercitationem
1317 2472 1537 2515 instituam

172 2548 417 2593 modo?⁷'-
438 2550 506 2590 cui
518 2548 813 2591 Parmenides:
837 2553 959 2602 ‚‚isto,
975 2564 1100 2608 quem
1121 2551 1333 2592 aZenone
1350 2546 1540 2590 audisti''.

174 2624 290 2670 Cum
322 2630 464 2668 autem
493 2624 684 2666 Zenonis
715 2622 1042 2683 disquisitiones
1072 2626 1143 2669 vix
1171 2624 1341 2668 Platoni
1373 2623 1541 2668 satisfa-

173 2715 273 2745 cere
293 2706 488 2760 possent,
510 2699 810 2744 Parmenidem
832 2700 1142 2761 approbantem
1171 2700 1284 2753 facit,
1314 2698 1434 2759 quod
1459 2698 1542 2743 So-
