1648 2971
685 175 973 229 ’τῶ-π

149 283 394 329 damentum
432 283 730 344 explicationis
767 284 1017 331 dialecticae
1051 285 1277 337 intueariS,
1313 287 1511 344 quamvis

146 362 241 418 ipsa
270 375 361 418 non
392 362 461 419 sit.

261 436 474 493 Quaestio
512 431 568 478 de
605 435 848 494 specierum
891 426 1002 480 nexu
1034 435 1107 480 hic
1142 425 1377 494 eousque
1411 450 1509 493 per-

144 509 272 555 ducta
302 517 377 563 est,
409 516 456 554 ut
482 517 731 575 resumatur>
753 508 1010 569 aSophista,
1042 512 1116 569 qui
1146 526 1239 555 eam
1270 509 1400 570 plane
1430 509 1509 554 ab-

142 587 283 630 solvit.
343 585 760 630 Schleiermacberus
780 572 987 629 'nostrum
1019 585 1240 643 dialogum
1269 586 1381 630 adeo
1412 601 1506 630 non

141 659 299 705 habere
336 662 509 705 iustumr
538 659 669 705 finem
708 662 944 719 potiusque
990 658 1221 720 abruptum
1259 675 1357 704 eum
1394 677 1503 716 esse,

140 751 268 793 quam
313 736 505 780 clausum
549 743 720 789 censet,
773 738 833 780 ita
875 745 925 782 ut:
968 736 1253 783 dubitandum
1298 736 1505 792 videatur,

138 813 250 859 sitne
279 813 327 870 ᾖε,
357 828 485 872 quem
514 811 751 867 habemus,¹
774 828 904 865 verus
936 811 1098 871 dialogi
1126 812 1242 867 finis,
1271 811 1407 872 idque
1436 815 1505 858 iti-

137 902 241 931 nere
271 891 411 946 primo
440 888 489 942 *)
519 889 723 941 Platonis,
753 890 932 945 Megara
964 888 1167 945 Cyrenas
1197 895 1414 947 suscepto,
1443 912 1504 929 -.

136 963 183 1010 in
221 978 307 1019 qua
343 963 453 1008 urbe
489 963 789 1019 bic⁴dialogus
818 964 965 1016 factus¹
989 977 1086 1009 esse
1115 962 1310 1013 videtur,
1350 987 1405 996 --
1443 963 1504 1005 ef-

133 1037 292 1080 fectum
340 1050 436 1079 esse
490 1035 735 1081 arbitratur.
811 1035 1026 1093 Equidem
1071 1050 1163 1079 non
1215 1034 1505 1080 dubitaverim

134 1114 426 1170 pronuntiare,
457 1119 641 1156 extrema
673 1109 834 1167 dialogi
863 1109 997 1153 verba
1029 1111 1123 1154 eius
1153 1124 1299 1153 veram
1328 1112 1505 1155 iustam-

135 1201 223 1245 que
260 1187 483 1236 coutinere
520 1186 768 1231 clausulam.
827 1186 1088 1243 Disquisitio
1124 1198 1307 1242 prorsus
1344 1186 1503 1231 exhau-

133 1270 199 1306 sta
229 1268 292 1305 est
320 1270 362 1306 et
391 1277 531 1321 usque
561 1261 616 1305 ad
645 1262 776 1304 finem
815 1261 1046 1318 perducta,
1084 1262 1343 1320 minimeque
1381 1263 1500 1309 clau-

133 1337 249 1380 ditur
285 1338 502 1395 „simplici
537 1335 870 1383 affirmatione‘'.
938 1335 1101 1383 Omnia
1137 1338 1283 1394 potius
1321 1340 1369 1382 in
1406 1338 1499 1383 fine

132 1411 406 1469 colliguntur,
438 1416 481 1454 et
511 1425 643 1468 quum
675 1425 872 1468 quaeque
900 1424 1000 1468 pars
1032 1411 1162 1469 plane
1186 1411 1407 1467 absoluta,.
1431 1429 1502 1458 ea·

131 1503 217 1546 que
249 1502 360 1545 quae
390 1485 650 1539 efficiuntur,
679 1500 807 1544 quam
834 1487 1069 1532 certissime
1087 1486 1379 1532 demonstrata
1400 1490 1497 1541 sint,

130 1564 304 1607 unicum
322 1561 446 1614 illud,
477 1561 598 1619 quod
627 1561 771 1611 adhuc
800 1567 935 1605 restat
963 1568 1039 1613 est,
1070 1561 1373 1607 affirmatione:
1402 1578 1497 1606 rem

129 1642 194 1682 ita
222 1652 269 1680 se
292 1637 458 1689 habere,
491 1635 670 1694 dialogo
699 1636 832 1686 finem
860 1637 1036 1694 imponi.
1081 1637 1148 1680 Ea
1176 1639 1291 1681 enim
1322 1646 1390 1683 est
1417 1639 1498 1687 hu-

127 1715 199 1771 jus
237 1712 552 1770 disquisitionis
589 1713 700 1755 ratio
739 1719 781 1755 et
819 1713 866 1755 in
902 1725 957 1754 eo
994 1726 1186 1755 summae
1220 1712 1374 1764 laudes
1416 1729 1497 1772 po-

126 1787 299 1833 nendae
335 1793 435 1830 sunt
472 1792 581 1844 q'uas
621 1787 662 1828 ei
697 1785 998 1840 tribuerimus,
1035 1787 1156 1844 quod
1193 1787 1302 1831 nihil
1331 1790 1377 1832 in
1408 1788 1497 1833 fine

128 1863 213 1908 dici
249 1869 414 1921 potest,
458 1862 543 1905 nisi
584 1858 886 1914 ἀληθέστατα.
954 1862 1061 1919 Quo
1096 1860 1315 1907 vocabulo
1361 1878 1495 1921 quum

126 1939 303 1996 dialogo
333 1938 466 1983 finem
490 1939 674 1995 imponit
690 1937 829 1990 Plato,
859 1939 1032 1989 minime
1050 1937 1238 1991 dixerim,
1268 1937 1334 1982 illi
1363 1937 1493 1995 „dan-

125 2010 356 2060 θέστατα”
375 2012 489 2057 nibil
502 2014 657 2065 inesse,
686 2014 771 2057 nisi
795 2012 1034 2071 simplicem
1050 2013 1392 2068 affirmationem,
1423 2030 1495 2059 ea-

127 2103 216 2148 que
243 2089 467 2135 Platonem
504 2086 697 2134 finivisse
732 2102 857 2143 „non
896 2102 979 2146 pro
1017 2091 1187 2133 ratione
1224 2089 1397 2149 dialogi¹
1422 2091 1494 2142 vel

125 2165 261 2211 modo
301 2164 433 2211 stulto
475 2162 743 2221 indignoque
786 2178 835 2208 se
875 2163 1006 2223 ipso’'
1033 2164 1125 2222 **).
1192 2166 1333 2211 Etiam
1368 2168 1493 2224 prior

125 2255 226 2301 pars
255 2254 335 2299 per
360 2255 414 2286 se
442 2242 530 2299 jam
560 2237 767 2286 conclusa
796 2244 900 2284 erat.
936 2276 939 2291 2

217 2397 258 2442 ¹⁹)
281 2397 538 2441 Uebersetzung
559 2396 588 2431 I.
609 2396 645 2433 2.
669 2409 705 2442 p.
729 2393 809 2431 104,

197 2467 261 2514 ’Ἴ
284 2467 540 2512 Uehenetzung
562 2466 591 2502 1.
612 2465 648 2504 2.
672 2478 708 2513 p.
732 2461 811 2500 103.
