1648 2971
701 174 987 219 ...23-

161 283 255 337 τοῧ,
284 284 366 329 τοῦ
393 287 541 345 ἑτέρου
579 284 713 330 modo
747 299 830 344 pro
870 299 1015 330 earum
1053 285 1167 329 inter
1195 297 1243 328 se
1270 283 1515 330 diversitate

161 360 510 413 considerantur,
551 363 735 420 eiusque
771 360 892 419 quod
921 361 1119 407 Socrates
1156 360 1212 405 de
1241 361 1517 405 secernendis

162 437 391 496 speciebus
421 452 554 496 supra
582 442 894 497 proposuerat,
929 437 1047 482 initia
1084 444 1186 482 sunt
1222 437 1348 481 facta.
1405 436 1520 480 Nam

163 529 213 557 ex
244 514 438 558 Platonis
473 513 678 557 methodo
715 520 763 556 ut
799 513 1041 572 specierum
1080 514 1136 558 ad
1172 514 1523 559 communionem

160 591 380 648 perveniri
402 591 552 650 possit,
581 588 700 634 nulla
730 589 887 635 melior
915 589 1101 633 inveniri
1119 597 1261 648 potest
1282 591 1363 642 via,
1392 602 1522 648 quam

160 672 208 709 ut
235 666 358 709 illum
386 665 639 709 secernendi
668 671 826 718 actum,
864 672 1073 724 quantum
1109 665 1203 707 eius
1240 664 1341 707 fieri
1367 666 1519 723 possit,

161 756 436 800 peragamus,
474 739 642 798 singula
672 742 795 784 etiam
835 748 877 786 et
905 742 1099 795 minima,
1135 754 1248 799 quae
1275 738 1377 784 inde
1405 739 1521 785 effici

160 822 366 874 possunt,
395 815 450 860 ad
482 822 720 860 extremum‘
739 830 879 874 usque
906 829 1229 876 persequamur.

673 890 692 911 t
986 889 1004 910 ἡ

826 930 845 950 ιι

275 965 347 1007 De
384 964 606 1007 dialectica
646 966 717 1006 via
745 965 815 1019 *),
860 980 946 1023 qua
988 966 1126 1023 prima
1166 965 1301 1007 series
1342 963 1519 1017 incedit,

159 1040 267 1085 haec
296 1039 388 1083 fere
417 1038 608 1085 notanda
635 1038 851 1083 videntur.

277 1118 434 1161 Totam
473 1116 741 1173 quaestionis
773 1114 1021 1160 Platonicae
1057 1120 1253 1159 naturam
1279 1113 1520 1171 ignorantis

162 1198 228 1236 est
257 1199 453 1245 statuere,
485 1190 647 1249 dialogi
672 1190 920 1235 methodum
937 1204 1031 1234 esse
1047 1182 1336 1247 sophisticam.
1383 1189 1521 1247 Quod

159 1267 421 1311 vocabulum
453 1269 489 1311 si
519 1269 616 1325 quis
641 1282 795 1324 urgere
810 1266 924 1320 velit,
956 1264 1284 1310 concedendum
1306 1267 1397 1318 erit,
1426 1280 1519 1310 om-

159 1344 265 1386 nino
297 1349 338 1385 et
366 1342 660 1399 hypotheseos
690 1349 731 1384 et
750 1343 945 1385 >omnium
964 1356 1109 1384 earum
1127 1342 1391 1398 positionum
1407 1356 1522 1397 quae

161 1431 258 1459 cum
276 1431 324 1459 ea
347 1418 680 1474 conjunguntur,
712 1429 807 1458 esse
836 1414 1027 1459 indolem
1054 1429 1201 1457 veram
1231 1422 1272 1459 et
1300 1416 1522 1469 rationem,

160 1498 209 1534 ut
249 1491 512 1548 sophisticae
549 1506 644 1534 esse
681 1498 926 1549 appareant.
988 1488 1125 1548 Quod
1163 1491 1201 1533 si
1238 1491 1521 1548 sophisticum

160 1566 271 1610 illud
290 1574 370 1617 est,
401 1566 520 1625 quod
553 1567 809 1612 consulto.a
838 1567 1016 1609 veritate
1044 1564 1232 1609 aberrat:
1262 1567 1386 1609 etiam
1403 1581 1522 1611 men-

160 1644 214 1684 tis
232 1644 483 1698 categoriae,
514 1642 786 1699 impersseotaie
805 1641 904 1684 illae
923 1647 964 1683 et
983 1654 1171 1692 mancae,
1201 1655 1313 1698 quae
1333 1642 1379 1683 in
1392 1656 1522 1685 unam

160 1717 226 1759 rei
255 1723 420 1775 partem
450 1731 497 1760 se
527 1718 845 1775 immergentes,
886 1722 1020 1760 totam
1059 1722 1102 1759 et
1136 1730 1284 1758 veram
1313 1717 1407 1760 eius
1436 1719 1522 1762 vim

162 1790 531 1849 comprehendere
568 1799 809 1848 nequeunt,
856 1799 898 1836 et
933 1798 1075 1835 tamen
1112 1792 1301 1849 speciem
1340 1792 1523 1850 dignita-

160 1873 333 1924 temque
362 1867 553 1910 veritatis
584 1866 668 1910 sibi
692 1883 893 1926 arrogare
922 1868 1135 1919 affectant,
1166 1873 1292 1911 erunt
1320 1869 1521 1925 sophisti-

164 1956 238 1985 cae
275 1940 570 1998 appellandae.
636 1943 723 1985 Has
767 1944 895 1999 igitur
930 1958 1031 1986 vera
1068 1944 1177 1986 ratio
1217 1941 1273 1985 ad
1308 1944 1519 1987 rationem

162 2016 427 2061 reddendam
467 2017 759 2075 expostulans,
798 2019 908 2062 nihil
943 2016 1060 2061 aliud
1098 2031 1226 2075 quam
1263 2018 1333 2075 jus
1369 2020 1415 2064 in
1445 2035 1520 2064 eas

164 2095 356 2145 exercet,
390 2106 643 2151 poenasque
680 2096 834 2152 repetit
870 2092 1060 2145 debitas,
1099 2107 1170 2136 eas
1208 2107 1289 2138 suo
1328 2095 1521 2153 ipsarum

163 2169 343 2213 modulo
383 2170 581 2211 metiens:
629 2170 675 2211 in
715 2172 811 2227 ipso
854 2170 1116 2228 sophismate
1154 2170 1375 2227 sophisma
1408 2171 1522 2216 illud

165 2257 260 2285 esse
298 2242 579 2287 demonstrat:
627 2259 709 2287 nec
752 2245 997 2302 quisquam,
1042 2246 1127 2287 nisi
1165 2245 1241 2302 qui
1278 2259 1429 2302 parum
1467 2248 1522 2291 sit

164 2319 434 2371 exercitatus,
477 2321 611 2379 ipsam
647 2320 856 2363 rationem
891 2336 987 2365 esse
1026 2320 1303 2378 sophisticam
1340 2322 1388 2366 in
1429 2324 1520 2366 ani-

253 2513 290 2560 ‘)
316 2514 393 2549 Pari
419 2515 525 2549 modo
542 2512 760 2552 Parmenides
783 2513 853 2563 jam
877 2516 915 2551 in
938 2514 1046 2562 priori
1071 2516 1197 2561 dialogi
1221 2527 1319 2563 parte
1340 2529 1521 2560 argumen-

163 2587 273 2623 tatur,
298 2579 451 2626 quamvis
475 2593 547 2614 non
573 2594 610 2615 ea
635 2579 824 2615 constantia
848 2591 1196 2627 argumentorumque
1217 2580 1409 2616 necessario
1438 2595 1522 2617 con-

163 2655 274 2683 nexu,
299 2643 429 2679 scilicet
452 2644 652 2690 quaestione
671 2643 827 2680 assultim
850 2644 1079 2689 ingrediente,
1100 2655 1295 2692 temereque
1311 2645 1420 2681 modo
1434 2645 1524 2683 hanc

163 2706 272 2741 modo
295 2706 391 2742 illam
415 2707 625 2755 quaestionis
648 2709 834 2745 solvendae
856 2709 1026 2746 rationem
1050 2709 1240 2757 arripiente·
