1648 2971
668 184 957 232 ...31-

131 298 292 352 forma,
318 296 625 358 explicatione,
652 298 772 342 omni
801 312 882 343 suo
909 298 1130 344 contrario
1159 304 1419 358 exemptum,
1447 308 1497 348 ut

130 373 327 420 divinum
344 374 485 420 oculis
502 389 592 420 non
608 372 853 433 subjectum
871 376 984 420 vitae
1003 377 1129 437 quasi
1155 389 1347 436 germen,
1373 377 1495 436 quod

130 454 276 496 omnia
305 453 519 495 contraria
549 452 694 509 gignit.
1360 506 1367 515 η

247 527 375 585 Quae
412 527 484 570 hic
519 527 703 571 infertur
731 526 954 571 essentiae
990 527 1133 579 notio,
1179 529 1231 571 ea
1267 525 1399 586 plane
1429 533 1498 572 est

127 599 299 645 diversa
328 601 384 646 ab
414 601 499 656 illa,
528 615 641 659 quae
670 600 810 646 adhuc
837 617 919 662 per
941 599 1161 659 dialogum
1179 600 1495 649 dominabathr'.

129 675 291 721 Omnia
317 676 477 736 quibus
497 677 646 721 Unum
676 684 799 722 antea
828 684 902 722 aut
929 675 1175 737 praeditum
1205 682 1296 721 erat
1324 672 1396 722 ant
1425 692 1496 723 ca-

125 752 268 806 rebat;
315 760 448 812 prout
477 756 525 796 in
554 758 745 810 tempore
773 768 868 797 esse
896 760 973 797 aut
999 767 1095 797 non
1126 765 1223 797 esse
1254 749 1494 807 dicebatur,

124 835 278 886 negata
314 834 435 872 erant
475 835 550 873 aut
591 828 765 873 tributa.
835 828 887 872 Id
923 828 978 873 de
1015 828 1279 886 gravissimis
1318 840 1498 886 quoque

124 903 381 961 praedicatis
412 904 544 958 valet,
593 903 649 948 de
685 904 984 962 explicatione,
1028 904 1308 961 cogitatione,
1346 904 1497 963 cogni-

123 978 265 1029 tione,
299 978 489 1020 nomine.
558 976 708 1032 Quum
744 977 829 1019 τοῦ
863 977 1075 1034 ἐξαίφνης
1105 977 1292 1019 essentia
1320 985 1412 1020 non
1443 980 1499 1021 sit

123 1053 170 1096 in
199 1058 405 1110 tempore,
435 1052 604 1094 nullum
631 1057 776 1109 potest
803 1049 979 1094 illorum
1006 1050 1357 1110 praedicatorum
1378 1064 1500 1096 nunc

124 1128 308 1186 amplius
349 1129 389 1171 ei
422 1126 578 1177 tribui,
599 1127 688 1188 >sed
718 1125 962 1169 sublimiori
991 1141 1142 1180 sensu,
1173 1126 1321 1186 quoad
1350 1131 1498 1170 omm‘a

122 1216 178 1246 eo
209 1202 650 1262 comprehenduntur.

238 1278 297 1321 At
328 1276 412 1320 τοῦ
440 1277 650 1336 ἐξαίφνης
678 1276 827 1320 Unum
864 1276 1052 1335 aliquam
1081 1284 1225 1322 tamen
1254 1276 1386 1323 habet
1413 1292 1495 1338 po-

119 1352 339 1396 sitionem:
380 1350 433 1396 τὸ
464 1352 674 1410 ἐξαίφνης
710 1353 823 1395 enim
856 1359 921 1396 est
950 1355 1187 1410 categoria,
1222 1361 1336 1412 quae
1363 1352 1497 1398 habet

122 1427 469 1487 explicationem,
510 1428 689 1485 cogitari
726 1433 871 1485 potest
907 1434 949 1471 ct
985 1431 1206 1487 cognosci.
1271 1427 1440 1474 Verum
1471 1443 1497 1473 e

122 1510 277 1546 natura
308 1518 387 1547 sua
417 1502 534 1546 illam
564 1503 825 1562 positionem
856 1518 948 1547 non
977 1504 1119 1558 habet,
1147 1504 1225 1548 sed
1254 1512 1419 1548 tantum
1447 1505 1495 1548 in

122 1580 325 1636 speciem.
391 1579 540 1622 Unum
580 1569 693 1621 enim
731 1580 777 1621 in
813 1578 894 1621 hac
927 1578 1012 1620 τοῦ
1041 1578 1248 1638 ἐξαίφνης
1277 1580 1495 1638 categoria

120 1667 205 1696 nec
238 1654 385 1696 Unum
421 1667 516 1697 esse
558 1652 812 1709 necgmulta
849 1653 1025 1706 dicitur;
1074 1660 1139 1696 est
1180 1650 1311 1711 igitur
1345 1654 1496 1697 Unum

122 1726 246 1786 quod
275 1742 367 1770 non
396 1733 461 1771 est
487 1728 643 1780 Unum,
672 1726 847 1771 ἄτοπον
873 1727 976 1772 hinc
1006 1743 1031 1771 a
1059 1727 1243 1772 Platone
1270 1734 1494 1773 vocatum:

122 1802 246 1861 quod
284 1801 341 1846 ut>
364 1804 506 1861 ipsum
545 1806 591 1846 ἐν
619 1801 775 1861 ἀτόπῳ
806 1810 889 1857 est,
929 1803 1007 1848 ubi
1035 1819 1132 1848 cum
1168 1804 1252 1848 τοῦ
1286 1804 1497 1861 ἐξαίφνης

122 1881 342 1936 categoria
379 1879 679 1936 conjungitur,
720 1881 783 1922 sic
820 1880 907 1923 hoc
945 1881 1088 1939 ipsum
1126 1885 1191 1923 est
1225 1876 1401 1921 ἄτοπον
1436 1877 1495 1921 ad

123 1955 267 1998 omnia
295 1954 542 2011 praedicata
573 1968 686 2011 quae
717 1956 756 1997 ei
786 1954 1055 2009 tribuuntur,
1086 1957 1217 2012 igitur
1246 1952 1303 1997 ad
1331 1967 1494 1997 nomen

121 2030 275 2088 ipsum,
308 2029 623 2087 cogitationem,
648 2028 982 2088 explicationem,
1003 2031 1310 2089 cognitionem.
1352 2028 1495 2072 Huius

123 2105 368 2164 categoriae
397 2103 721 2148 fundamentum
754 2112 818 2149 est
845 2101 897 2148 τὸ
929 2103 1118 2150 ἄτοπον.

238 2180 338 2224 Hoc
367 2180 624 2232 continetur,
653 2181 874 2224 veritatem
905 2181 1043 2239 ipsam
1073 2196 1169 2226 esse
1199 2179 1341 2224 adhuc
1367 2178 1495 2223 invo-

122 2254 276 2308 lutam,
313 2255 380 2309 id,
423 2253 546 2314 quod
583 2254 786 2300 omnibus
825 2258 1006 2301 omnino
1044 2255 1304 2317 praedicatis
1340 2260 1494 2307 careat,

122 2331 180 2374 ita
210 2329 408 2388 quidem,
445 2339 494 2374 ut
524 2332 670 2376 omnia
697 2333 744 2376 in
771 2330 883 2376 illud
913 2333 1085 2387 cadant,
1122 2332 1202 2378 sed
1230 2333 1374 2391 ipsum
1403 2343 1497 2376 om-

121 2404 252 2451 nibus
285 2407 341 2450 sit
371 2413 625 2466 exemptum.

240 2483 335 2541 Qui
365 2483 570 2527 transitus
600 2488 665 2528 est
692 2483 816 2542 quasi
842 2484 911 2528 vis
934 2481 1089 2538 vitalis,
1117 2495 1202 2542 qua
1223 2481 1369 2526 omnia
1390 2494 1496 2525 con-

123 2557 254 2600 traria
289 2558 339 2603 id
374 2556 487 2602 fiunt
524 2558 648 2618 quod
684 2557 805 2612 sunt;
854 2559 941 2604 nisi
977 2560 1092 2604 enim
1126 2558 1331 2603 transitus
1368 2561 1496 2611 esset,

124 2644 206 2675 nec
230 2636 453 2692 oppositio
474 2636 664 2681 oriretur
679 2650 761 2680 nec
782 2634 1047 2688 differentia;
1076 2634 1155 2692 qui
1181 2640 1326 2677 tamen
1352 2639 1498 2677 trans-

124 2704 210 2752 itus
248 2709 345 2769 ipse
379 2711 427 2756 in
463 2709 627 2756 nullam
662 2725 756 2758 rem
793 2710 920 2757 aliam
948 2710 1059 2768 abit,
1098 2708 1177 2755 sed
1207 2724 1341 2771 supra
1369 2708 1495 2769 quasi

1149 2786 1223 2831 3*
