1648 2971
667 175 963 221 -30—

126 285 188 332 ἄν
212 300 322 331 ποτε
340 287 514 345 γένοιτο
536 283 640 331 οὔτε
667 285 720 331 τὸ
751 290 800 331 ἐν
827 285 950 344 ἡμῖν,
978 282 1083 331 οὔτε
1109 281 1163 330 τὸ
1194 287 1242 328 ἐν
1268 284 1327 347 τῇ
1341 282 1502 346 ,φύσεν

127 359 230 407 τότε
257 363 341 420 μὲν
366 359 453 420 γὰρ
479 362 583 419 περὶ
610 360 714 407 τῶν
742 359 983 421 ἐχόντων
1009 358 1072 404 τὰ
1103 361 1328 405 ἐναντία
1367 363 1502 420 ἐλέγα

129 453 224 496 μεν,
256 433 608 493 ἐπονομάζοντες
636 434 752 482 αὐτὰ
780 437 837 498 τῇ
867 437 1041 482 ἐκείνων
1070 437 1315 494 ἐπωνυμίᾳ·
1342 435 1424 479 νῦν
1453 437 1504 481 δὲ

127 514 229 570 περὶ
259 513 476 556 ἐκείνων
506 509 685 557 αὐτῶν
713 505 775 557 ὦν
805 509 995 558 ἐνόντων
1023 513 1111 571 ἔχει
1138 508 1222 566 τὴν
1251 512 1504 568 ἐπωνυμίαν

114 583 187 631 ’.τὰ
216 584 532 644 ὀνομαζόμενα
561 588 657 642 -).

245 663 361 706 Tum
392 662 576 707 alterum
604 678 648 721 p.
671 662 773 706 102.
803 676 840 707 e.
872 659 975 707 οὐδὲ
1013 658 1124 707 ἄλλο
1165 660 1299 706 οὐδὲν
1326 660 1415 705 τῶν
1443 665 1503 706 ἐν-

126 737 317 789 αντίων,
346 738 411 782 ἔτι
439 736 494 783 ὂν
523 736 631 795 ὅπερ
660 729 731 792 ἦν,
761 736 860 795 ἅμα
888 736 1159 783 τούναντίον
1187 737 1429 796 γίγνεσθαί
1457 753 1505 781 τε

126 816 201 858 καὶ
230 810 363 856 εἶναι·
406 810 505 857 ἀλλ’
538 813 643 866 ἤτοι
671 812 911 871 ἀπέρχεται
939 808 972 866 ἢ
1001 812 1253 857 ἀπόλλυται
1282 817 1328 856 ὲν
1357 809 1503 868 τούτῳ

124 886 191 943 τῷ
226 883 487 945 παθήματι.
526 888 614 934 hoc
650 887 789 933 altero
817 887 934 932 idem
962 888 1087 947 quod
1117 896 1271 933 nostro
1300 887 1402 931 loco
1430 874 1504 930 vox-

124 964 310 1020 ponitur
345 976 388 1019 p.
420 963 531 1007 155:
579 967 625 1007 ὲν
663 959 784 1019 ἄλλῳ
831 962 925 1020 ἄρα
960 961 1110 1021 χρόνῳ
1144 966 1309 1020 μετέχει
1350 964 1422 1006 καὶ
1458 965 1503 1005 ἐν

124 1036 248 1093 ἄλλῳ
286 1035 343 1081 οὐ
378 1042 547 1095 μετέχει
583 1037 664 1091 τῆς
700 1035 855 1089 οὐσίας
888 1036 942 1082 τὸ
983 1041 1030 1082 ἕν
1058 1036 1119 1071 ·³—-
1154 1036 1430 1097 comprobari
1460 1042 1503 1080 et

122 1111 434 1171 comprehendi
462 1112 674 1156 videmus.
733 1112 902 1155 Pariter
930 1112 1017 1155 hoc
1046 1112 1274 1170 deprimo
1304 1112 1503 1170 intelligi-

122 1202 243 1242 mus,
269 1202 371 1231 nam
399 1194 563 1231 utrum:
607 1202 701 1237 res,
731 1194 779 1230 ut
807 1189 957 1230 insunt
986 1187 1117 1230 rebus
1145 1187 1289 1240 ideae,
1320 1186 1502 1237 dicatur,

119 1278 197 1306 an:
238 1263 457 1306 contraria
493 1263 541 1305 in
582 1262 767 1305 transitu
795 1262 1014 1304 versantia
1044 1261 1129 1305 sub
1159 1263 1368 1319 temporis
1398 1275 1505 1304 con·

118 1338 304 1391 ditione,
335 1337 451 1382 idem
474 1336 601 1382 valet.
660 1337 799 1381 Notio
829 1338 1043 1395 temporis
1074 1343 1140 1382 est
1167 1338 1372 1381 transitus
1395 1351 1501 1383 con-

118 1415 352 1459 trariorum
385 1419 430 1458 et
458 1414 618 1457 fluctus
647 1427 804 1457 rerum.

233 1490 358 1533 Haec
394 1491 525 1533 seriei
562 1488 781 1533 secundae
826 1488 1086 1546 significatio
1136 1493 1179 1532 et
1221 1494 1375 1532 natura
1419 1494 1498 1532 est.

114 1565 253 1618 Haec,
290 1570 506 1623 quatenus
537 1579 625 1607 una
656 1578 709 1607 ex
738 1571 860 1623 parte
892 1566 1037 1608 Unum
1067 1562 1151 1606 sub
1182 1564 1364 1607 notione
1393 1570 1499 1606 tem-

115 1641 241 1698 poris
278 1642 472 1698 positum
508 1641 556 1683 in
599 1641 969 1684 transmutationis
1006 1646 1130 1683 motu
1164 1640 1426 1698 proponitur
1455 1644 1498 1682 et

114 1713 279 1758 lectori
310 1715 510 1767 offertur,
540 1716 720 1773 primam
749 1721 914 1759 tantum
945 1714 1154 1773 supplere
1181 1714 1377 1770 videtur3
1417 1712 1497 1756 sed

112 1788 252 1834 altera
283 1805 335 1834 ex
364 1796 506 1849 parte:
536 1806 580 1848 p.
608 1790 709 1834 156.
737 1788 901 1849 χρόνος
936 1790 985 1834 δέ
1022 1804 1071 1846 γε
1108 1787 1255 1840 οὐδείς
1292 1792 1410 1831 ἐστιν
1448 1791 1495 1831 ἐν

111 1858 149 1920 ᾦ
180 1881 225 1907 τι
252 1856 353 1909 ὅιόν
382 1880 429 1907 τε
453 1862 552 1923 ἅμα
580 1864 694 1922 μήτε
717 1866 949 1909 κινεῖσθαι
971 1859 1091 1919 μήθ’
1124 1861 1306 1907 ἑστάναι
1323 1888 1377 1897 -
1399 1860 1491 1906 ἀλλ’

110 1937 216 1984 οὐδὲ
241 1935 337 1996 μὴν
363 1938 638 1997 μεταβάλλει
668 1938 772 1985 ἄνευ
802 1938 898 1983 τοῦ
926 1935 1301 1996 μεταβάλλειν.

227 2013 304 2058 Sic
342 2016 476 2073 igitur
506 2016 642 2060 series
672 2014 865 2059 secunda
896 2013 1087 2072 quodam
1116 2012 1251 2057 modo
1281 2028 1415 2073 supra
1444 2027 1493 2058 se

109 2090 250 2148 ipsam
281 2090 513 2134 extollitur.
571 2092 843 2149 Principium
874 2091 987 2134 enim
1017 2096 1061 2133 et
1089 2089 1189 2134 fons
1219 2090 1358 2148 ipsius
1387 2095 1492 2132 tem-

108 2165 234 2222 poris
264 2166 447 2223 speciei,
485 2166 562 2224 qui
590 2166 687 2224 ipse
722 2167 771 2209 in
798 2171 969 2224 tempus
998 2178 1091 2208 non
1122 2164 1254 2217 cadit,
1291 2163 1492 2208 invisibi-

108 2238 168 2283 lis
207 2246 362 2285 natura
401 2242 520 2300 ipsa,
566 2254 682 2300 quae
719 2247 769 2285 ut
803 2240 1133 2286 fundamentum
1174 2240 1234 2284 ita
1271 2239 1489 2299 fastigium

108 2315 246 2360 totius
277 2321 363 2369 est,
397 2318 578 2375 capitur.

225 2466 272 2511 0.
330 2466 435 2513 Hoc
474 2473 540 2513 est
576 2467 634 2514 ad
671 2468 793 2528 quod
821 2470 963 2528 prima
992 2467 1127 2511 series
1156 2466 1393 2526 adspiravit
1422 2472 1484 2511 at-

102 2541 368 2602 tingendum,
390 2541 600 2604 quodque
622 2543 840 2590 secundae
861 2557 1041 2603 quoque
1063 2543 1272 2603 subjacet,
1293 2542 1341 2587 id
1359 2542 1483 2602 quod

100 2632 131 2662 a
157 2619 416 2665 Parmenide
451 2618 504 2664 τὸ
543 2623 590 2664 ἐν
623 2618 774 2680 χρόνῳ
810 2618 959 2665 ὀυδενὶ
996 2614 1052 2665 ὂν
1081 2622 1255 2681 egregie
1284 2626 1479 2664 vocatur.

98 2693 263 2748 Unum,
289 2694 591 2742 vicissitudine
614 2703 658 2742 et
685 2698 934 2750 mutatione,
963 2700 1174 2759 tempore,
1204 2696 1477 2755 cogitatione,
