1648 2971
659 141 953 188 ...36-

125 253 269 296 stione
308 250 365 297 de
402 250 554 306 ἄλλοις
588 252 685 312 pari
722 252 861 301 modo
898 258 1099 300 versatur
1138 265 1281 312 eaque
1316 254 1495 300 adducit

123 326 181 371 ad
211 331 429 373 contraria
460 328 611 373 eadem
638 329 808 375 ratione
836 344 922 388 qua
950 331 1089 389 prima
1118 336 1161 375 et
1175 329 1366 374 secunda
1394 346 1496 390 pars

124 403 292 457 Unum,
322 402 478 449 ordine
506 411 652 451 tamen
679 407 870 451 inverso.

248 478 418 538 Quarta
444 481 562 526 serie
592 489 660 527 est
689 483 913 536 effectum,
943 483 990 527 in
1018 478 1077 527 τὰ
1106 478 1224 526 ἄλλοι
1253 480 1399 527 omnia
1428 496 1500 526 ca-

125 552 247 607 det-<33
279 556 432 614 quinta
448 557 674 617 probatur,
701 573 759 603 ne
788 556 846 603 τὰ
875 557 994 604 effla
1024 557 1201 617 quidem
1230 572 1328 604 esse
1357 558 1414 604 de
1442 573 1498 606 eo

124 644 259 688 posse
292 633 552 691 praedicari.

242 706 387 753 Huius
417 711 681 755 inversionis
719 724 853 755 eausa
893 718 976 764 est,
1014 710 1137 769 quod
1172 727 1229 755 τοι
1266 709 1384 754 ἄλλα
1412 711 1500 768 jam

124 787 280 826 natura
320 799 400 828 sua
431 792 635 843 tanquam
668 785 900 829 discretum
940 785 1228 830 differentiam
1264 788 1311 830 in
1350 798 1399 829 se
1428 785 1502 828 ha-

123 854 232 901 hent
269 858 464 917 ideoque
504 850 632 906 etiam
673 863 840 918 omnia3
878 875 967 919 qua
1001 861 1245 913 differentia
1285 875 1380 905 non
1415 862 1502 904 nisi

124 931 265 976 arduo
296 938 475 994 negotio
507 940 607 982 exui
634 943 837 997 possunt:
877 937 1001 995 quod
1039 952 1166 982 secus
1206 943 1270 981 est
1307 938 1354 980 in
1382 938 1501 987 Uno,

127 1010 295 1068 quippe
324 1012 372 1056 in
403 1013 528 1069 cujus
557 1020 715 1059 natura
744 1015 823 1057 sita
853 1015 1001 1070 potius
1030 1012 1228 1057 videatur
1258 1014 1399 1057 omnis
1422 1012 1503 1057 dif-

125 1082 335 1129 ferentiae
362 1087 550 1144 negatio.

123 1244 292 1295 jedesmal
315 1250 546 1294 abgesondert
570 1248 671 1285 einen
693 1247 830 1293 Begriff
847 1249 1027 1286 aufstellen
1051 1247 1195 1286 willst.''
1217 1247 1260 1295 ⁹⁶)
1306 1249 1506 1285 Arbitratur

126 1309 273 1357 quidem
290 1312 507 1349 Schmidtius
533 1314 577 1348 de
601 1313 666 1349 hae
690 1313 911 1361 separatione
932 1313 1091 1349 notionis
1116 1327 1136 1348 a
1160 1313 1306 1348 notione
1329 1313 1503 1360 posterius

127 1373 345 1412 distinctiore
369 1386 402 1413 et
425 1376 581 1421 graviore
605 1377 741 1413 ratione
757 1376 985 1424 disputari—
1002 1377 1064 1412 sed
1081 1390 1153 1411 non
1169 1375 1337 1410 maximae
1362 1376 1392 1411 ei
1415 1376 1506 1410 hanc

127 1450 199 1472 rem
215 1439 486 1478 ‚attribuerimus
517 1441 634 1486 laudi,
665 1441 759 1488 quod
792 1439 1044 1487 separationem
1076 1440 1113 1475 in
1143 1438 1245 1475 initio
1269 1438 1404 1486 primae
1426 1453 1505 1486 par-

127 1501 169 1536 tis
196 1500 268 1546 **),
295 1503 358 1538 ubi
382 1503 607 1540 Parmenides
633 1506 677 1540 de
706 1504 969 1549 magnitudine,
993 1504 1224 1551 aequalitate,
1246 1503 1412 1550 parvitate
1436 1502 1504 1538 dis·

126 1564 221 1610 serit,
245 1580 318 1602 non
342 1569 526 1615 perspexit·
577 1569 746 1605 Graviore
769 1569 906 1604 ratione
931 1582 1005 1603 non
1038 1581 1129 1613 opus
1155 1578 1217 1606 est.
1265 1567 1359 1602 Loco
1384 1581 1505 1602 secun-

128 1629 195 1663 dae
217 1630 319 1665 seriei
348 1644 367 1665 a
398 1632 500 1668 nobis
528 1633 635 1668 allato
667 1633 790 1667 harum
821 1630 1010 1667 notionum
1036 1632 1125 1667 ratio
1150 1630 1346 1667 distinctius
1370 1639 1506 1665 tantum

128 1700 163 1727 et
184 1692 325 1739 planius
348 1694 571 1740 proponitur.

221 1755 267 1790 Et
297 1757 394 1802 quod
431 1758 474 1792 ad
507 1758 601 1792 hune
632 1758 747 1792 locum
777 1772 814 1803 p.
840 1758 910 1795 133
939 1754 1033 1797 ὅστις
1056 1752 1166 1802 αὗτήν
1188 1769 1264 1790 τινα
1287 1751 1371 1789 καθ’
1397 1752 1505 1800 αὗτήν

128 1811 241 1851 αὗτοῦ
270 1816 417 1853 ἑκάστου
447 1814 572 1853 οὐσίαν
602 1822 743 1854 τίθεται
774 1822 863 1854 εἶναι
891 1838 939 1847 -
969 1822 1111 1860 attinet,
1144 1820 1248 1865 plane
1270 1818 1506 1854 consentimus

129 1895 209 1916 cum
226 1881 436 1919 Schmidtio.
482 1877 653 1917 ‘Ena'otov
677 1884 821 1920 minime
845 1898 926 1920 cum
945 1882 1261 1920 Schleiermachero
1287 1884 1505 1919 reserendum

129 1956 179 1981 est
210 1946 254 1981 ad
285 1946 437 1992 singulas
469 1962 544 1990 res,
572 1949 633 1984 sed
664 1962 743 1984 cum
773 1949 983 1985 Heindorflo
1015 1947 1131 1987 εἴδους
1161 1948 1398 1994 supplendum
1431 1961 1506 1983 esse

128 2024 321 2048 censemus.
367 2012 473 2048 Recte
496 2012 714 2049 Schmidtius
735 2013 1093 2049 Schleiermacherum
1116 2012 1219 2049 nimis
1243 2025 1408 2056 magnum
1432 2021 1504 2047 stu—

130 2073 228 2107 dium
254 2075 283 2108 ei
310 2074 523 2120 impendisse
548 2077 643 2120 dicit,
665 2087 705 2113 ut
729 2078 946 2114 consociaret
969 2086 1128 2112 naturam
1152 2089 1268 2111 rerum
1292 2075 1506 2119 singularum

129 2150 208 2171 cum
234 2148 358 2172 natura
382 2138 587 2184 specierum.

223 2201 303 2235 lloc
333 2202 405 2237 sere
441 2202 662 2237 monendum
694 2201 796 2237 etiam
827 2203 1006 2244 videatur,
1047 2216 1127 2237 cum
1156 2211 1251 2237 totus
1284 2199 1440 2245 dialogus
1471 2211 1506 2237 et

130 2265 235 2299 ambo
260 2275 293 2299 et
318 2265 436 2301 omnia
465 2264 676 2314 conjungere
700 2268 854 2310 studeat,
885 2278 919 2303 et
942 2280 1054 2314 aequo
1077 2267 1187 2301 modo
1221 2275 1292 2301 tota
1326 2266 1410 2301 haec
1435 2265 1506 2300 dis-

130 2327 274 2375 quisitio
298 2329 343 2363 ad
368 2343 443 2364 eam
467 2345 538 2366 rem
563 2340 745 2378 praeparet
768 2340 919 2368 tantum:
943 2330 1025 2366 huic
1051 2343 1190 2378 quoque
1214 2330 1293 2365 loco
1318 2329 1504 2377 separatio-

130 2405 212 2427 nem
236 2392 432 2428 enuntianti
456 2391 525 2441 jam
551 2395 762 2431 contrarium
787 2395 910 2438 inesse,
934 2408 1083 2442 eumque
1107 2409 1147 2430 ex
1170 2403 1373 2439 argumento
1397 2394 1504 2430 totius

132 2456 260 2500 dialogi
299 2457 462 2504 explicari
498 2471 612 2504 posse.
668 2460 739 2496 Sed
779 2462 874 2507 quod
907 2460 953 2495 ad
986 2457 1342 2495 Schleiermacherum
1374 2457 1506 2500 attinet,

134 2518 217 2556 haee
241 2534 294 2556 res
318 2521 455 2557 minimi
482 2533 533 2558 est
556 2524 745 2566 momenti,
776 2514 855 2560 cum
880 2533 1016 2561 tantum
1041 2523 1176 2559 dubitet
1200 2524 1245 2559 de
1268 2516 1391 2566 οὖσίᾳ,
1424 2522 1504 2569 quia

180 2610 221 2657 ⁸)
246 2614 503 2661 Uebersetzung
529 2616 562 2652 l.
588 2616 623 2654 2,
655 2631 689 2664 p.
717 2615 797 2653 118.

162 2684 223 2730 Η)
249 2686 362 2723 Parm.
389 2704 422 2736 p.
449 2691 526 2726 131.
