1648 2971
167 319 240 376 ius
261 315 448 363 'indoles‘
467 317 605 377 magis
631 318 838 363 convenit
864 319 1172 379 eum‘ingenio
1187 318 1366 378 juvenis
1388 332 1527 379 quam

168 392 247 438 illa
276 408 302 438 a
330 394 512 441 Socrate
535 395 585 439 in
602 393 861 440 Par-menide
888 401 1223 454 repraesentata.
1276 395 1378 438 Hoc
1402 395 1529 440 intel-

166 466 287 528 liget,
314 470 393 528 qui
422 470 594 530 cogitet,
621 480 736 529 quae
764 470 1066 530 philosophiae
1094 470 1288 517 eruenda
1318 484 1416 516 esse
1445 471 1531 515 So-

165 552 304 588 crates
333 547 379 609 in
409 545 490 590 illo
521 546 698 605 dialogo
722 553 960 605 proponat;
990 548 1251 591 Theaetetus
1267 559 1530 603 vero-„par-

164 616 296 663 tubus
321 621 449 665 'vanis
479 621 524 677 *)
560 619 810 668 liberatur''.
869 622 1133 667 Theaetetus
1162 620 1358 667 nondum
1386 622 1529 666 scien-

163 695 571 749 tiis-imbutus-'est3
609 699 806 755 sequitur
833 700 981 757 potius
1010 696 1205 741 indolem
1233 697 1426 741 noudum
1455 711 1528 741 cx-

163 774 379 817 ercitatam
409 774 455 817 in
485 773 817 832 quaestionibus
846 773 1183 834 philosophicis;
1223 780 1422 817 versatur
1450 771 1527 817 ad·

160 847 247 891 huc
281 849 329 892 iu
366 848 516 893 schola
550 851 847 897 mathematici.
905 850 1109 895 Socrates
1139 863 1247 893 vero
1277 849 1328 891 in·
1353 848 1527 891 Parme-

159 921 265 967 nide
299 932 644 981 repraesentatus
686 927 773 983 jam
820 926 1032 969 exercitus
1070 933 1135 968 est
1172 925 1219 969 in
1259 922 1528 982 quaestioni-

157 996 243 1041 bus
270 998 608 1054 perscrutandiS,
636 1007 679 1043 et
705 1002 792 1057 jam
821 1000 1064 1057 specierum
1085 1004 1280 1042 naturam
1300 999 1525 1055 perpicere

158 1071 315 1119 studet.

212 1245 214 1249 ·
272 1224 443 1269 Tertias
473 1230 617 1282 partes
648 1224 734 1282 agit
766 1221 1031 1268 Theodorus
1064 1222 1411 1272 mathematicus.
1445 1222 1525 1281 qui

156 1300 258 1343 satis
277 1307 443 1343 mature
468 1302 541 1352 ,,ὲκ
563 1298 650 1343 τῶν
678 1298 828 1360 ψιλῶν
854 1296 1001 1358 λόγων
1017 1296 1126 1358 πρὸς
1150 1297 1236 1354 τήν
1255 1299 1525 1357 γεωμετρίαν

156 1373 385 1419 ἀπένευσε”
414 1388 455 1431 p.
473 1375 572 1427 165,
598 1398 655 1407 —
687 1376 774 1431 qui,
804 1376 1056 1432 saepissime
1085 1374 1140 1420 ad
1170 1373 1526 1432 respondendum

154 1457 435 1509 provocatus,
462 1464 635 1509 semper
663 1464 845 1507 prorsus
877 1450 1073 1510 denegat,
1102 1463 1367 1509 omnemque
1394 1448 1528 1493 ratio-

153 1540 253 1569 nem
282 1525 550 1569 dialecticam
581 1540 605 1568 a
637 1540 684 1568 se
714 1524 897 1568 alienam
928 1541 1025 1570 esse
1055 1525 1266 1584 perhibet.
1326 1526 1526 1571 censue..

152 1602 209 1644 rit
237 1600 399 1660 aliquis
431 1614 529 1644 cum
556 1599 952 1644 Schieiermachero
982 1598 1073 1655 θ’),
1103 1600 1388 1644 Theodorum
1419 1597 1522 1641 ideo

152 1677 327 1735 saepius
349 1678 582 1735 provocari
603 1675 657 1719 ad
681 1674 1050 1734 respondendum,
1080 1683 1152 1729 „ut
1180 1675 1321 1719 lector
1350 1689 1405 1718 eo
1434 1689 1523 1718 ma-

152 1753 219 1810 gis
248 1751 562 1795 animadvertat
592 1766 729 1810 pauca
760 1750 833 1795 illa
864 1762 977 1810 quae
1008 1751 1065 1795 de
1092 1750 1227 1795 rebus
1257 1750 1522 1794 mathemati-

151 1828 214 1870 cis
244 1824 509 1880 tractentur”,
538 1842 590 1870 ac
617 1828 792 1870 minime
823 1842 906 1871 nos
936 1828 1048 1871 hanc
1076 1842 1167 1870 rem
1197 1829 1521 1885 negaverimusz

150 1917 250 1946 nam
286 1904 457 1946 maximi
496 1905 702 1947 momenti
738 1903 912 1947 Platoni
943 1917 1042 1947 esse
1082 1901 1229 1954 debet,
1265 1902 1518 1960 vav-ubique,

151 1992 263 2036 quae
293 1986 466 2022 censeat
496 1978 554 2022 de
584 1978 719 2023 rebus
747 1978 1073 2031 mathematicis,
1103 1978 1407 2036 perspiciatur:
1436 1976 1519 2021 sed

151 2052 234 2098 alia
264 2050 412 2112 potius
433 2067 573 2096 'causa
609 2056 654 2098 in
685 2054 1020 2098 hac'l'heodori
1050 2055 1366 2112 provocatione
1394 2051 1518 2096 vide-

148 2129 392 2173 turlatere:
422 2151 479 2161 --
508 2128 691 2184 scilicet,
720 2129 840 2187 quod
867 2130 1216 2189 repraesentatur
1244 2131 1407 2174 amicus
1435 2128 1515 2173 de-

150 2204 387 2264 fensorque
405 2206 698 2264 Protagorae,
738 2212 780 2249 et
811 2214 858 2250 ut
888 2206 1158 2250 manifestum
1187 2205 1280 2259 fiat,
1317 2220 1410 2249 non
1441 2220 1516 2249 so·

150 2279 239 2323 lum
274 2281 495 2338 juvenem,
533 2280 612 2325 sed
648 2295 705 2324 ne
740 2295 890 2325 senem
917 2280 1095 2341 quidem
1124 2282 1236 2326 scire
1264 2280 1516 2340 quidquam.

242 2494 284 2541 ῃ)
307 2494 452 2532 Theaet.
477 2510 512 2543 p.
527 2496 598 2532 210
618 2498 654 2533 b.
679 2490 804 2530 οἰκοῦν
825 2496 936 2532 ταῦτα
956 2499 1019 2543 μὲν
1042 2491 1157 2531 πάντα
1179 2491 1203 2541 ἦ
1225 2491 1403 2542 μαιευτική
1427 2490 1514 2542 ἡμῖν

148 2559 250 2603 τέχνη
275 2553 443 2605 ἀνεμιαῖα
466 2559 555 2605 φησὶ
577 2559 800 2605 γεγενῆσθαι,
826 2555 888 2595 otiu
913 2556 993 2600 ἄξια
1015 2558 1155 2609 τροφῆς.

219 2666 282 2713 “)
306 2668 450 2705 Platons
473 2669 625 2707 Werke.
671 2670 751 2707 vol.
776 2670 816 2707 11.
840 2675 877 2718 p.
903 2670 936 2707 l.
961 2683 996 2716 p.
1018 2667 1102 2706 506.
