1648 2971
701 164 990 213 -23-

159 277 231 319 καὶ
264 272 379 320 αὐτὸ
402 271 467 318 τὸ
505 276 552 318 ἓν
586 272 676 322 ,ὑπὸ
705 274 806 324 τοῦ
821 276 952 329 ὄντος
973 276 1354 332 ’διανενεμημένον
1380 274 1522 321 πολλὰ

158 347 332 409 ἀνάγκη
361 349 1378 411 ειναι.ρ.144..Βὶρ.-

275 425 582 481 Adiunguntur
610 426 855 474 relationes
874 426 958 471 τσῦ
986 424 1084 478 ἑνὸς
1119 429 1209 474 καὶ.-
1219 424 1316 470 τῶν,
1335 425 1524 478 πολλῶν,

158 500 291 544 totius
322 513 374 541 ac
402 501 587 556 partium
621 526 675 536 —
706 509 794 544 tum
823 509 967 550 motus
997 507 1039 544 et
1069 502 1244 559 quietis,
1279 509 1371 549 tum
1412 502 1524 545 eius-

157 575 268 618 dem?
294 581 336 618 et
373 573 569 631 alterius,
604 577 760 621 omnia
781 574 971 639 denique
990 603 994 618 ι
1012 592 1145 636 quae2
1167 591 1283 624 cum.
1305 576 1395 624 his,
1419 591 1524 623 con-

156 665 268 696 nexa
296 658 410 694 sunt.

271 727 334 772 Ut
368 727 534 786 species
573 723 740 777 ταύτοῦ
769 727 842 769 καὶ
878 726 963 772 ,τοῦ
993 729 1142 788 ἑτέρον
1172 727 1217 771 in
1245 728 1381 785 prima
1411 728 1523 770 serie

155 802 245 845 Uni
270 815 403 858 quum
428 801 662 844 convenire
684 806 957 856 negarentur,
985 801 1030 844 id
1063 802 1321 854 effecerunt,
1351 807 1399 850 ut
1429 802 1524 844 stri-

157 878 363 927 ctissime,
390 901 392 904 .
419 890 532 932 quae
581 875 839 931 hypothesis
881 883 1090 933 posuerat
1128 878 1279 920 minus·
1315 882 1525 927 accurate,

157 951 499 1009 appareant,‘sic
525 950 673 993 itidem
703 952 747 994 in
779 950 859 1002 hac
884 950 1093 998 secunda.
1138 951 1249 997 Sunt
1276 953 1403 998 seriei
1424 952 1525 999 huic

157 1028 365 1085 propriae
395 1034 446 1073 ,et
481 1028 762 1069 immanentes
799 1028 991 1083 species,
1040 1034 1171 1085 atque
1207 1029 1252 1070 in
1296 1029 1350 1071 iis
1386 1034 1524 1071 trans-

156 1100 289 1145 eundi
319 1108 439 1143 actus
471 1114 519 1142 se
552 1099 743 1142 ostendit
777 1115 857 1157 per
887 1115 1039 1147 omnes
1071 1118 1251 1161 quarum
1280 1102 1379 1149 fieri
1409 1117 1524 1146 com-

154 1184 280 1235 potes
311 1181 500 1233 possunt
523 1175 764 1219 varietates.

271 1252 333 1295 ln
357 1252 505 1309 primis
542 1252 732 1294 animum
768 1248 1040 1295 advertamus
1079 1258 1252 1310 oportet
1282 1220 1337 1294 ad
1364 1250 1525 1303 locum,

154 1346 195 1387 p.
226 1328 326 1372 147.
344 1328 384 1382 *)
421 1341 509 1385 quo
550 1341 600 1369 ex
631 1327 784 1369 Altero
821 1328 918 1385 ipso
949 1328 1136 1385 gignitur
1166 1328 1299 1391 Idem.
1357 1326 1426 1370 Id
1438 1325 1524 1370 dici

153 1419 244 1448 non
275 1411 420 1463 potest
450 1403 599 1460 quanti
630 1403 684 1443 sit
713 1404 939 1453 momenti;
981 1402 1102 1459 quod
1138 1417 1230 1446 non
1260 1402 1523 1449 intellectum

154 1481 296 1525 omnis
326 1493 456 1541 verae
492 1478 752 1534 cognitionis
790 1477 1031 1522 absentiam
1061 1485 1193 1531 creat,
1236 1493 1337 1521 vera
1374 1493 1450 1521 sua
1481 1478 1523 1521 vi

151 1561 384 1613 acceptum¹
406 1552 704 1611 explicitisque
734 1554 931 1611 iisdquae
960 1553 1156 1608 involv-it,
1183 1556 1397 1600 internam
1426 1567 1523 1611 spe-

153 1634 314 1674 cierum
353 1637 551 1677 naturam
593 1629 744 1687 aperit.
819 1630 902 1672 Hic
947 1645 1127 1688 quoque
1172 1629 1228 1673 ad
1273 1630 1522 1687 Sophistam

154 1706 424 1763 ablegamus,
465 1719 514 1747 ex
553 1718 641 1760 quo
678 1704 951 1762 intelligitur,
985 1712 1027 1748 et
1057 1706 1245 1763 speciem
1273 1707 1348 1753 cui
1378 1705 1523 1749 inhae-

153 1790 251 1825 rent
279 1776 332 1823 τὸ
363 1783 515 1834 ἕτερον
543 1780 618 1821 καὶ
646 1777 827 1844 ταύτόνι,
862 1788 904 1824 et
933 1777 988 1823 τό
1017 1783 1167 1836 ἕτερον
1196 1783 1270 1823 καὶ
1299 1796 1339 1824 τ.
1371 1787 1521 1822 contra

152 1873 199 1901 se
234 1858 328 1915 ipsa
367 1856 574 1907 invicem,
609 1853 656 1896 id
686 1868 859 1897 manere
896 1853 1019 1910 quod
1050 1856 1135 1902 sint
1165 1853 1520 1911 unumquodque,

150 1934 233 1977 alia
264 1939 414 1975 contra
442 1930 527 1973 alia
552 1955 606 1963 —
634 1928 756 1975 nulla
785 1928 1019 1979 identitatis
1049 1928 1194 1973 habita
1225 1931 1403 1981 ratione,
1435 1945 1520 1987 qua

148 2010 272 2052 Plato
308 2010 393 2065 jam
432 2021 482 2050 ea
522 2005 908 2064 comprehendisse
945 2004 1127 2052 videtur.
1187 2005 1368 2048 Manent
1389 2005 1518 2063 .quod

150 2100 231 2143 pro
269 2090 421 2128 natura
457 2083 670 2138 primitiva
709 2089 831 2132 sunt;
876 2096 988 2140 quae
1024 2082 1258 2140 patiuntur,
1296 2079 1519 2137 patiuntur

148 2156 545 2219 μετοχῇὶᾶεειτυιη
587 2163 847 2206 ceterarum,
898 2172 988 2200 non
1026 2172 1075 2200 ex
1111 2159 1291 2217 propria
1330 2170 1407 2198 sua
1443 2171 1518 2200 na·

149 2243 265 2286 tura,
297 2249 381 2291 qua
411 2247 487 2277 eae
518 2238 684 2275 tantum
714 2232 921 2276 monades
964 2238 1063 2275 sunt
1102 2246 1213 2289 quae
1251 2239 1362 2275 sunt.

265 2309 323 2355 Et
352 2308 473 2366 quod
503 2310 654 2353 attinet
685 2306 740 2351 ad
778 2322 869 2350 eam
900 2322 985 2364 qua
1017 2309 1185 2365 species
1212 2323 1291 2366 per
1321 2323 1369 2351 se
1398 2308 1517 2365 ipsae

149 2386 487 2443 distinguuntur,
509 2387 734 2436 rationem,
758 2383 884 2427 locus
905 2383 981 2426 ille
1005 2384 1310 2428 memorandus
1336 2389 1410 2435 est,
1441 2382 1516 2425 ubi

1417 2473 1516 2516 par-

238 2572 258 2589 ὑ
338 2565 349 2578 ³
398 2570 413 2578 ⁹
466 2568 478 2581 ἵ
504 2571 521 2584 er
658 2573 671 2585 τ
787 2574 795 2585 ρ
964 2570 978 2578 ⁸·
1031 2565 1046 2577 ’¹
1221 2574 1232 2587 χ
1288 2565 1300 2578 3

259 2571 280 2618 )
307 2584 432 2605 ουκουν
456 2586 478 2619 ῃ
503 2584 616 2618 ἕτερον
639 2584 727 2607 ειναι
749 2576 907 2606 πεπονθε
929 2583 997 2605 των
1022 2571 1152 2615 αλλων,
1176 2586 1233 2606 και,
1257 2571 1364 2605 mma
1387 2574 1515 2607 ἐκείνου

147 2630 328 2679 ὥσαύτως,
356 2631 465 2684 ταύτῃ
488 2629 618 2671 ταύτόν
642 2631 685 2670 ἄν
708 2633 917 2672 πεπονθότα
940 2636 1008 2671 εἶεν
1030 2632 1071 2669 τό
1095 2648 1132 2670 τε
1156 2635 1190 2670 ἓν
1216 2639 1293 2674 τοῖς
1317 2630 1433 2677 ἄλλοις
1458 2635 1516 2670 καὶ

146 2693 257 2733 τᾶλλα
279 2698 328 2743 τῷ
351 2700 411 2732 ἑνί.
