1648 2971
702 168 994 211 ...15-

157 280 295 336 ‚idque
316 294 446 323 causa
468 278 628 328 tamdiu
650 286 812 322 tantum
842 279 1024 330 valente,
1056 294 1184 338 quam
1214 293 1346 323 nexus
1377 288 1527 324 natura

161 353 358 398 nondum
389 354 703 411 ex-plicata=est.
770 355 860 398 Res
897 354 1094 398 nondum
1133 371 1258 413 pares
1289 362 1389 397 sunt
1419 371 1528 413 quo-

160 429 394 474 daminodo
433 429 665 487 speciebus
697 431 977 482 sustinendis,
1016 430 1135 487 quod
1165 431 1386 473 vinculum
1416 445 1526 472 sum-

158 521 278 549 mum
315 505 511 548 nondum
535 513 739 562 apparet.
801 505 874 547 Sic
902 506 1023 562 quod
1056 508 1302 563 oppositum
1334 512 1415 558 est,
1458 520 1527 548 so-

162 581 326 639 phisma
357 580 489 624 alicui
515 581 659 623 videri
683 581 836 638 possit,
868 596 963 623 cum
996 581 1102 624 illud
1132 574 1294 633 ,,τᾶλλα
1322 578 1526 636 νοήματα

160 655 271 700 ὄντα
300 653 473 707 ἀνόητα
501 655 646 699 εἶναι”
678 655 796 713 quod
829 671 979 698 verum
1012 664 1093 709 est,
1131 664 1279 699 contra
1309 658 1526 698 veritatem

161 734 186 775 i.
217 746 256 775 e.
296 747 470 781 nexum,
517 734 750 789 accipiatur
786 746 868 786 pro
908 739 1171 786 argumento.
1241 731 1331 774 Sed
1370 733 1527 773 veritas

160 807 353 850 nondum
385 807 590 864 explicata
611 812 712 859 test,
755 821 805 848 ac
835 812 1170 849 consentaneum
1203 814 1264 850 est
1293 808 1528 857 veritatem,

160 881 215 923 ad
248 888 376 938 quam
405 884 577 938 juvenis
609 883 663 922 sit
692 879 930 930 ducendus,
963 888 1112 922 contra
1143 895 1191 922 se
1220 883 1355 937 ipsam
1386 882 1527 922 facere

160 963 399 1000 testantem.
476 954 564 1000 Cui
607 955 716 999 falsa
759 955 931 998 videtur
967 957 1144 1008 veritas,
1188 956 1289 999 huic
1325 971 1427 999 vere
1464 962 1528 998 est

163 1034 282 1076 falsa.
333 1035 615 1089 separatione
646 1048 788 1074 rerum
820 1039 863 1075 et
893 1034 1134 1088 specierum
1165 1032 1306 1074 adhuc
1336 1031 1527 1083 durante,

158 1122 305 1151 earum
337 1121 494 1150 nexum
525 1107 719 1164 quamvis
749 1107 954 1149 acerrime
985 1110 1229 1165 appetituum
1255 1108 1423 1151 Socrati
1453 1107 1527 1150 ab-

159 1184 340 1226 surdum
371 1183 512 1225 videri
542 1197 720 1224 necesse
752 1189 830 1225 est.
895 1183 1047 1225 Talem
1078 1186 1326 1226 societatem
1357 1183 1527 1226 Platoni

160 1273 206 1301 re
235 1272 336 1299 vera
367 1257 562 1315 ineptum
589 1255 757 1313 aliquid
785 1271 893 1308 esse,
924 1256 993 1298 hic
1023 1257 1185 1301 nullius
1215 1260 1419 1300 momenti
1450 1266 1525 1301 est.

273 1334 419 1389 Pergit
448 1332 670 1383 Socrates,
702 1340 898 1389 separata
927 1332 1270 1389 παραδείγματα
1300 1340 1341 1376 et
1371 1330 1524 1390 ὁμοιώ-

156 1424 279 1464 ματα
311 1422 407 1450 esse
438 1405 667 1450 definiens.
696 1438 699 1442 -

273 1483 645 1526 Excellentissime
681 1482 768 1524 hoc
800 1496 825 1523 a
862 1482 1118 1528 parmenide
1152 1483 1382 1533 refutatur,
1428 1486 1526 1539 quia

157 1559 358 1603 Socrates
391 1556 585 1601 nondum
612 1556 835 1614 intelligit,
872 1571 957 1612 quo
989 1557 1111 1599 modo
1149 1560 1422 1616 participatio
1453 1558 1527 1602 illa

156 1634 248 1682 fiat;
279 1633 517 1677 similitudo
539 1639 664 1675 certe
681 1648 770 1674 uon
788 1639 852 1674 est
868 1635 1084 1676 societatis
1106 1635 1260 1676 forma:
1283 1638 1344 1691 (p.
1363 1636 1448 1677 132
1462 1635 1524 1688 d.)

155 1713 226 1760 „ez
265 1701 346 1752 οὖν
384 1724 428 1752 τι
464 1708 575 1752 ’έοικε
599 1706 668 1763 τῷ
698 1705 820 1757 εἴδει,
866 1705 963 1751 οἷόν
992 1724 1037 1751 τε
1067 1712 1203 1753 ἐκεῖνο
1234 1705 1285 1753 τὸ
1319 1706 1434 1762 εἶδος
1462 1708 1525 1766 μὴ

156 1782 318 1840 ὅμοιον
359 1784 471 1827 εἶναι
510 1784 575 1838 τῷ
617 1785 894 1838 εἰκασθέντι,
939 1782 1061 1826 καθ’»
1093 1781 1204 1825 ὅσον
1243 1783 1366 1838 αὐτῷ
1405 1782 1524 1840 ἀφω-

153 1857 362 1915 μοιώθης
418 1857 448 1911 ἥ
500 1860 591 1901 ’ἐστι
640 1874 707 1909 τις
757 1854 936 1916 μηχανὴ
981 1854 1032 1900 τὸ
1087 1852 1247 1913 ὅμοιον
1286 1855 1362 1914 ’μὴ
1414 1857 1526 1903 εἶναι

153 1934 338 1991 ὅμοιονς
389 1931 484 1987 ,Οὐκ
530 1935 611 1976 ἔσω
672 1931 733 1976 Τὸ
779 1934 825 1976 δὲ
871 1933 1032 1990 όμοιον
1073 1934 1138 1987 τῷ
1180 1932 1320 1990 ὁμοιῳ
1363 1930 1428 1991 ἄρ’
1469 1934 1523 1977 ού

153 2009 321 2067 μεγάλη
381 2006 551 2066 ἀνάγκη
609 2005 708 2060 ἑνὸς
764 2009 845 2053 τοῦ
901 2006 1044 2052 αὐτοῦ
1102 2005 1246 2059 εἴδους
1300 2012 1523 2068 μετέχεινς

151 2083 355 2140 Ἀνάγκη.
427 2077 488 2126 Οὗ
523 2082 620 2125 δᾶν
649 2081 706 2125 τὰ
736 2084 873 2139 ὅμοια
907 2086 1147 2140 μετέχοντα
1188 2084 1324 2137 ὅμοια
1353 2077 1403 2143 ᾗ,
1446 2084 1523 2126 οὐκ

154 2166 288 2205 ἐκεῖνο
320 2160 445 2204 ἔσται
474 2153 586 2201 αὐτὸ
618 2154 671 2201 ,τὸ
704 2155 842 2209 εἷδος;
872 2156 1140 2202 Παντάπασι
1167 2162 1248 2214 μὲν
1279 2149 1368 2201 οὖν.
1434 2157 1523 2203 Οὐκ

153 2232 376 2295 ἅραμοῖόν
412 2238 457 2277 τέ
497 2250 538 2276 τι
576 2232 637 2287 τῷ
673 2230 775 2275 εἴδει
810 2232 971 2288 ὅμοιον
1007 2232 1141 2282 εἶναι,
1182 2231 1286 2275 οὐδὲ
1318 2231 1368 2275 τὸ
1406 2233 1524 2283 εἶδος

152 2304 293 2364 ἄλλῳ·
312 2312 366 2350 ἐὶ
396 2308 441 2351 δὲ
470 2305 559 2364 μή,
602 2303 725 2366 παρὰ
765 2305 813 2350 τὸ
853 2306 969 2358 εἶδος
1005 2305 1073 2350 ἀεὶ
1103 2305 1212 2350 ἄλλο
1243 2305 1522 2368 ἀναφανήσε-

150 2398 225 2427 ται
255 2382 388 2435 εἶδος,
418 2385 494 2425 καὶ
523 2379 581 2426 ἄν
612 2379 751 2427 ἐκεῖνό
781 2398 843 2438 τῳ
876 2381 1036 2440 ὅμοιον
1065 2374 1116 2444 ᾗ,
1155 2386 1301 2441 ἕτερον
1332 2377 1409 2434 αὖ,
1448 2386 1523 2427 καὶ

150 2458 363 2503 οὐδέποτε
398 2456 617 2501 παύσεται
656 2458 723 2502 ἀεὶ
761 2457 917 2502 καινὸν
957 2457 1073 2510 εἶδος
1115 2459 1397 2516 γιγνόμενον,
1447 2457 1523 2503 ἐὰν

151 2533 202 2579 τὸ
232 2535 351 2587 εἶδος
380 2534 444 2590 τῷ
475 2533 635 2577 ἑαυτοῦ
663 2536 892 2592 μετέχοντι
922 2531 1085 2591 ὅμοιον
1114 2532 1350 2593 γίγνηται.υ

271 2610 407 2667 Quod
430 2609 570 2652 simile
596 2609 846 2662 factumest,
876 2611 919 2653 id
952 2610 1088 2652 simile
1119 2613 1279 2668 speciei
1310 2614 1365 2654 sit
1396 2626 1524 2668 opor-

148 2691 218 2737 tet,
249 2699 353 2742 ergo
385 2692 426 2728 et
455 2686 625 2744 species
657 2684 719 2727 illi
751 2684 872 2744 quod
903 2685 1042 2730 simile
1071 2685 1230 2730 factum
1258 2692 1334 2729 est.
1376 2684 1525 2730 Simile
