1648 2971
681 205 969 249 ...19—

135 325 284 368 crates¹
303 319 471 363 Zenoni
501 316 671 361 dixerit:
711 330 834 369 „non
869 318 915 360 in
951 318 1005 361 iis
1045 330 1157 375 quae
1194 317 1332 361 oculis
1361 319 1498 375 perci—

133 395 305 453 piantur
321 395 383 450 *),
415 395 717 452 cogitationem
745 393 979 437 consistere
1006 400 1223 452 oportere,
1256 391 1333 436 sed
1362 393 1416 437 ad
1447 409 1497 442 ea
1558 399 1562 402 “

132 469 414 522 adscendere,
450 485 561 528 quae
599 471 699 528 quis
736 468 916 512 maxime
954 471 1120 514 ratione
1157 466 1495 526 comprehende-

132 553 198 589 ret
214 552 343 603 atque
354 543 451 600 ἐἴδη
466 561 562 590 esse
578 544 780 603 putaret.’'
815 542 982 587 Laudat
1000 545 1173 601 quidem
1189 547 1401 588 rationem
1419 545 1499 587 Ze*-

131 621 260 663 nonis
291 622 336 662 in
366 623 636 672 universum,
666 627 868 678 tauquam
901 618 1137 672 dialectici,
1176 620 1254 664 sed
1284 619 1500 678 significat

134 697 259 739 etiam
289 695 406 739 illam
436 697 644 738 rationem
674 710 866 739 mancam
899 709 996 738 esse
1023 710 1104 738 nee
1136 710 1283 738 omnes
1312 697 1376 739 rei
1397 710 1497 753 par·

133 777 198 814 tes
230 770 473 823 exhaurire,
516 785 649 828 quum
679 770 734 814 ad
766 786 817 815 ea
844 777 1009 816 tantum
1040 784 1152 829 quae
1183 769 1323 814 oculis
1353 769 1495 829 subje-

134 854 200 891 cta
229 849 315 890 sint
343 848 572 905 pertineat;
602 853 642 890 et
671 847 742 891 vel
772 850 834 892 sic
864 862 993 906 quam
1013 847 1275 905 imperfecte,
1304 846 1390 891 hoc
1410 847 1495 903 jam

132 924 254 967 initio
286 924 486 966 Socrates
517 925 791 980 vituperavit,
828 923 951 981 quod
981 930 1186 980 tanquam
1218 922 1496 980 supplemen—

134 1004 224 1040 tum
254 997 309 1040 ad
338 1004 534 1040 nostrum
564 997 709 1041 locum
739 998 1015 1049 trahendum,
1054 1012 1150 1040 cum
1179 999 1250 1040 hic
1277 998 1497 1040 Parmeni-

134 1071 232 1123 des,
260 1073 450 1115 Zenonis
486 1072 685 1129 magister
721 1087 772 1115 ac
801 1071 1023 1116 familiaris
1053 1070 1277 1129 loquatur,
1317 1072 1498 1130 eiusque

133 1149 295 1199 vitium,
325 1162 380 1191 ne
410 1149 604 1191 mimicus
636 1147 795 1205 dialogi
822 1146 994 1192 habitus
1023 1146 1234 1202 turbetur,
1262 1147 1406 1193 lenius
1437 1154 1498 1192 at-

137 1224 284 1281 tingat.
595 1229 599 1232 ’
1231 1215 1234 1218 ’

249 1297 486 1341 Dialectica
500 1300 689 1342 Zenonis
713 1314 737 1342 a
756 1298 936 1342 Platone
958 1301 1066 1343 tanti
1084 1302 1331 1343 aestimatur
1348 1299 1495 1357 quanti

135 1380 334 1416 meretur.
393 1373 450 1417 Et
479 1373 686 1427 fine,suo
727 1380 768 1417 et
806 1375 991 1420 consilio
1027 1381 1143 1419 extra
1173 1390 1319 1419 veram
1349 1376 1497 1431 cogui-

131 1451 292 1491 tionem
322 1447 462 1490 adhuc
498 1455 711 1501 versatur,
751 1448 942 1508 ideoque
980 1456 1045 1492 est
1084 1451 1299 1506 negativa:
1341 1464 1392 1492 ex
1429 1461 1497 1502 eo,

132 1522 251 1582 quod
283 1524 545 1567 contrarium
576 1539 671 1567 esse
691 1538 782 1568 non
806 1527 957 1583 possit,
989 1525 1221 1569 ostendere
1242 1524 1396 1578 studet,
1426 1540 1497 1569 so—

130 1599 220 1642 lum
250 1600 396 1642 Unum
436 1614 544 1642 esse.
605 1598 745 1656 Cujus
784 1601 921 1657 ipsius
961 1603 1221 1644 contrarium
1250 1599 1373 1644 Plato
1403 1599 1497 1643 vult

131 1675 216 1718 hoc
246 1673 440 1732 dialogo;
479 1690 606 1731 quam
645 1675 704 1719 ob
742 1690 829 1718 rem
862 1676 1052 1719 Zenonis
1090 1674 1357 1719 dialecticam
1387 1677 1499 1719 vitu-

131 1759 253 1808 perat
283 1749 513 1803 Socrates,
545 1749 769 1807 eidemque
797 1750 1057 1808 postulanti,
1094 1757 1142 1794 ut
1179 1752 1345 1809 species
1376 1752 1497 1809 ipsae

130 1825 497 1878 demonstrentur,
534 1827 766 1869 assentitur
796 1825 1087 1870 Parmenides.
1155 1827 1254 1871 Hoc
1293 1827 1407 1870 enim
1451 1828 1497 1870 in

132 1899 361 1959 speciebus
392 1901 498 1959 ipsis
530 1899 825 1945 demonstrare
849 1901 956 1945 nihil
986 1900 1104 1945 aliud
1123 1908 1198 1955 est,
1226 1916 1355 1960 quam
1372 1901 1496 1960 quod

131 1978 334 2022 Socrates
364 1977 490 2019 initio
521 1975 673 2019 verbis
705 1977 919 2034 significat
947 1977 1052 2021 illis:

241 2047 340 2094 Ἐοὶν
387 2050 433 2093 δέ
477 2066 544 2102 τις
587 2051 764 2108 πρῶτον
806 2053 889 2106 μὲν
926 2049 1153 2106 διαιρῆται
1197 2054 1334 2108 χωρὶς
1378 2048 1499 2094 αὐτὰ

131 2125 238 2171 καθ’
283 2122 398 2169 αὐτὰ
436 2122 493 2168 τὰ
534 2122 627 2179 εἴδη
655 2148 716 2160 -
749 2121 846 2168 εἶτα
886 2128 933 2168 ὲν
969 2127 1148 2176 ἑαυτοῖς
1174 2124 1330 2168 ’ταῦτα
1366 2122 1496 2169 δυνά-

131 2216 243 2258 μενα
266 2197 652 2259 συγκεράννυσθαι
670 2201 744 2244 καὶ
763 2200 1078 2258 διακρίνεσθαι
1096 2197 1341 2261 ἀποφαίνῃ,
1372 2197 1495 2257 ἀγαί-

130 2291 219 2331 μην
254 2275 312 2319 o'c'v
342 2277 474 2334 ἔγωγε
503 2274 785 2332 θαμμαστῶς
814 2300 870 2310 -
901 2282 943 2319 et
972 2274 1081 2318 illis:
1121 2272 1211 2317 ἀλλ’
1252 2279 1289 2319 εὶ
1327 2270 1355 2318 ὃ
1381 2276 1498 2319 ἔστιν

131 2354 190 2402 ἕν,
220 2347 352 2395 αὐτὸ
382 2349 545 2394 τοῦτο
577 2345 720 2395 πολλοὶ
751 2349 867 2407 (non
896 2352 1084 2409 positum
1114 2351 1160 2394 in
1189 2365 1237 2394 re
1267 2348 1496 2401 substrata,

224 2480 265 2529 ²²³)
297 2483 386 2519 Cave
424 2498 468 2519 ne
508 2485 701 2520 confundas
736 2483 805 2519 hoc
837 2498 916 2520 cum
945 2497 1034 2519 nexu
1075 2496 1190 2518 rerum
1228 2496 1267 2518 ae
1303 2481 1494 2529 specierum

132 2542 235 2593 quem
266 2561 369 2594 supra
398 2548 675 2583 memoravimus.
726 2546 855 2582 Nostro
888 2548 970 2581 loco
1002 2546 1070 2580 hoc
1099 2555 1234 2579 tantum
1264 2545 1407 2585 dicitur,
1444 2544 1493 2579 rei

132 2622 220 2656 quae
243 2611 351 2645 oeulis
374 2610 580 2656 percipiatur
609 2610 757 2656 ideoque
791 2608 924 2652 variae,
954 2607 1089 2644 facilius
1122 2608 1305 2644 contrarias
1329 2607 1493 2644 notiones

130 2672 238 2707 t'ribui
262 2687 374 2719 posse,
398 2687 501 2721 quam
525 2673 651 2720 speciei
673 2673 777 2719 ipsae.
823 2673 884 2708 Illa
910 2671 1074 2719 quaestio,
1099 2672 1277 2716 quomodo
1301 2672 1493 2719 specierum

130 2748 183 2772 res
206 2737 387 2784 participes
410 2736 489 2778 sint,
512 2750 653 2783 prorsus
678 2736 744 2771 alia
769 2746 821 2772 est
843 2746 946 2783 atque
970 2736 1034 2772 hos
1058 2736 1143 2771 fines
1168 2735 1309 2771 excedit.
