<?xml version="1.0" encoding="UTF-8"?>
<!DOCTYPE html PUBLIC "-//W3C//DTD XHTML 1.0 Transitional//EN"
    "http://www.w3.org/TR/xhtml1/DTD/xhtml1-transitional.dtd">
<html xmlns="http://www.w3.org/1999/xhtml" xml:lang="en" lang="en">
 <head>
  <title>
</title>
<meta http-equiv="Content-Type" content="text/html;charset=utf-8" />
  <meta name='ocr-system' content='tesseract 3.04.00' />
  <meta name='ocr-capabilities' content='ocr_page ocr_carea ocr_par ocr_line ocrx_word'/>
</head>
<body>
  <div class='ocr_page' id='page_1' title='image "4737240_0010.png"; bbox 0 0 1648 2971; ppageno 0'>
   <div class='ocr_carea' id='block_1_1' title="bbox 733 181 988 223">
    <p class='ocr_par' dir='ltr' id='par_1_1' title="bbox 733 181 988 223">
     <span class='ocr_line' id='line_1_1' title="bbox 733 181 988 223; baseline 0 -10"><span class='ocrx_word' id='word_1_1' title='bbox 733 181 988 223; x_wconf 80' lang='grc'><strong>-4-</strong></span> 
     </span>
    </p>
   </div>
   <div class='ocr_carea' id='block_1_2' title="bbox 165 281 1538 838">
    <p class='ocr_par' dir='ltr' id='par_1_2' title="bbox 165 281 1538 838">
     <span class='ocr_line' id='line_1_2' title="bbox 170 281 1536 348; baseline 0.007 -19"><span class='ocrx_word' id='word_1_2' title='bbox 170 288 257 344; x_wconf 85' lang='lat' dir='ltr'><strong>jam</strong></span> <span class='ocrx_word' id='word_1_3' title='bbox 302 286 441 346; x_wconf 83' lang='lat' dir='ltr'><strong>gradu</strong></span> <span class='ocrx_word' id='word_1_4' title='bbox 477 287 707 342; x_wconf 84' lang='lat' dir='ltr'><strong>collocata,</strong></span> <span class='ocrx_word' id='word_1_5' title='bbox 752 297 799 333; x_wconf 90' lang='lat' dir='ltr'><strong>ut</strong></span> <span class='ocrx_word' id='word_1_6' title='bbox 839 282 978 335; x_wconf 81' lang='lat' dir='ltr'><strong>etiam·</strong></span> <span class='ocrx_word' id='word_1_7' title='bbox 1006 290 1102 335; x_wconf 79' lang='lat' dir='ltr'><strong>fieri</strong></span> <span class='ocrx_word' id='word_1_8' title='bbox 1147 300 1188 336; x_wconf 88' lang='lat' dir='ltr'><strong>et</strong></span> <span class='ocrx_word' id='word_1_9' title='bbox 1224 281 1460 338; x_wconf 70' lang='lat' dir='ltr'><strong>Non-esse</strong></span> <span class='ocrx_word' id='word_1_10' title='bbox 1489 293 1536 348; x_wconf 80' lang='lat'><strong>*)</strong></span> 
     </span>
     <span class='ocr_line' id='line_1_3' title="bbox 172 370 1538 434; baseline 0.004 -20"><span class='ocrx_word' id='word_1_11' title='bbox 172 376 213 414; x_wconf 87' lang='lat' dir='ltr'><strong>et</strong></span> <span class='ocrx_word' id='word_1_12' title='bbox 261 376 473 415; x_wconf 80' lang='lat' dir='ltr'><strong>statuatur</strong></span> <span class='ocrx_word' id='word_1_13' title='bbox 522 378 564 415; x_wconf 86' lang='lat' dir='ltr'><strong>et</strong></span> <span class='ocrx_word' id='word_1_14' title='bbox 609 370 859 430; x_wconf 75' lang='lat' dir='ltr'><strong>explicetur.</strong></span> <span class='ocrx_word' id='word_1_15' title='bbox 934 371 1009 416; x_wconf 90' lang='lat' dir='ltr'><strong>Sic</strong></span> <span class='ocrx_word' id='word_1_16' title='bbox 1062 377 1186 432; x_wconf 84' lang='lat' dir='ltr'><strong>quasi</strong></span> <span class='ocrx_word' id='word_1_17' title='bbox 1237 374 1538 434; x_wconf 82' lang='lat' dir='ltr'><strong>splendidissi-</strong></span> 
     </span>
     <span class='ocr_line' id='line_1_4' title="bbox 170 452 1536 502; baseline 0.004 -6"><span class='ocrx_word' id='word_1_18' title='bbox 170 465 285 496; x_wconf 88' lang='lat' dir='ltr'><strong>mum</strong></span> <span class='ocrx_word' id='word_1_19' title='bbox 336 452 382 495; x_wconf 88' lang='lat' dir='ltr'><strong>in</strong></span> <span class='ocrx_word' id='word_1_20' title='bbox 428 452 695 496; x_wconf 86' lang='lat' dir='ltr'><strong>Parmenidis</strong></span> <span class='ocrx_word' id='word_1_21' title='bbox 741 453 952 497; x_wconf 91' lang='lat' dir='ltr'><strong>honorem</strong></span> <span class='ocrx_word' id='word_1_22' title='bbox 1003 457 1235 500; x_wconf 81' lang='lat' dir='ltr'><strong>exstruitur</strong></span> <span class='ocrx_word' id='word_1_23' title='bbox 1283 472 1536 502; x_wconf 89' lang='lat' dir='ltr'><strong>monumen-</strong></span> 
     </span>
     <span class='ocr_line' id='line_1_5' title="bbox 170 533 1535 594; baseline 0.005 -19"><span class='ocrx_word' id='word_1_24' title='bbox 170 540 289 582; x_wconf 86' lang='lat' dir='ltr'><strong>tum,</strong></span> <span class='ocrx_word' id='word_1_25' title='bbox 349 533 471 590; x_wconf 90' lang='lat' dir='ltr'><strong>quod</strong></span> <span class='ocrx_word' id='word_1_26' title='bbox 526 534 816 593; x_wconf 85' lang='lat' dir='ltr'><strong>philosophici</strong></span> <span class='ocrx_word' id='word_1_27' title='bbox 873 550 1131 594; x_wconf 81' lang='lat' dir='ltr'><strong>progressus</strong></span> <span class='ocrx_word' id='word_1_28' title='bbox 1183 538 1535 594; x_wconf 85' lang='lat' dir='ltr'><strong>repraesentandi</strong></span> 
     </span>
     <span class='ocr_line' id='line_1_6' title="bbox 167 614 1535 677; baseline 0.004 -20"><span class='ocrx_word' id='word_1_29' title='bbox 167 619 311 673; x_wconf 83' lang='lat' dir='ltr'><strong>partes</strong></span> <span class='ocrx_word' id='word_1_30' title='bbox 359 614 400 657; x_wconf 88' lang='lat' dir='ltr'><strong>ei</strong></span> <span class='ocrx_word' id='word_1_31' title='bbox 446 629 471 659; x_wconf 92' lang='lat' dir='ltr'><strong>a</strong></span> <span class='ocrx_word' id='word_1_32' title='bbox 507 615 689 660; x_wconf 88' lang='lat' dir='ltr'><strong>Platone</strong></span> <span class='ocrx_word' id='word_1_33' title='bbox 734 615 985 670; x_wconf 88' lang='lat' dir='ltr'><strong>traduntur,</strong></span> <span class='ocrx_word' id='word_1_34' title='bbox 1031 619 1105 675; x_wconf 90' lang='lat' dir='ltr'><strong>qui</strong></span> <span class='ocrx_word' id='word_1_35' title='bbox 1149 617 1452 677; x_wconf 81' lang='lat' dir='ltr'><strong>philosophiae</strong></span> <span class='ocrx_word' id='word_1_36' title='bbox 1493 626 1535 663; x_wconf 88' lang='lat' dir='ltr'><strong>et</strong></span> 
     </span>
     <span class='ocr_line' id='line_1_7' title="bbox 166 695 1532 756; baseline 0.005 -18"><span class='ocrx_word' id='word_1_37' title='bbox 166 695 495 740; x_wconf 82' lang='lat' dir='ltr'><strong>fundamentum</strong></span> <span class='ocrx_word' id='word_1_38' title='bbox 526 697 744 749; x_wconf 50' lang='lat' dir='ltr'><strong>etilocum</strong></span> <span class='ocrx_word' id='word_1_39' title='bbox 775 697 1027 750; x_wconf 87' lang='lat' dir='ltr'><strong>vindicavit,</strong></span> <span class='ocrx_word' id='word_1_40' title='bbox 1060 700 1314 756; x_wconf 78' lang='lat' dir='ltr'><strong>quaestione</strong></span> <span class='ocrx_word' id='word_1_41' title='bbox 1345 699 1400 744; x_wconf 89' lang='lat' dir='ltr'><strong>de</strong></span> <span class='ocrx_word' id='word_1_42' title='bbox 1429 702 1532 745; x_wconf 87' lang='lat' dir='ltr'><strong>Uno</strong></span> 
     </span>
     <span class='ocr_line' id='line_1_8' title="bbox 165 779 1259 838; baseline 0.004 -17"><span class='ocrx_word' id='word_1_43' title='bbox 165 779 417 834; x_wconf 85' lang='lat' dir='ltr'><strong>gravissima</strong></span> <span class='ocrx_word' id='word_1_44' title='bbox 447 786 489 822; x_wconf 91' lang='lat' dir='ltr'><strong>et</strong></span> <span class='ocrx_word' id='word_1_45' title='bbox 516 780 709 823; x_wconf 85' lang='lat' dir='ltr'><strong>instituta</strong></span> <span class='ocrx_word' id='word_1_46' title='bbox 741 787 781 823; x_wconf 87' lang='lat' dir='ltr'><strong>et</strong></span> <span class='ocrx_word' id='word_1_47' title='bbox 813 779 1041 838; x_wconf 83' lang='lat' dir='ltr'><strong>diligenter</strong></span> <span class='ocrx_word' id='word_1_48' title='bbox 1070 786 1259 825; x_wconf 85' lang='lat' dir='ltr'><strong>tractata.</strong></span> 
     </span>
    </p>
   </div>
   <div class='ocr_carea' id='block_1_3' title="bbox 134 963 1526 2095">
    <p class='ocr_par' dir='ltr' id='par_1_3' title="bbox 134 963 1526 2095">
     <span class='ocr_line' id='line_1_9' title="bbox 255 963 1394 1013; baseline 0.003 -13"><span class='ocrx_word' id='word_1_49' title='bbox 255 963 294 1010; x_wconf 73' lang='lat'><strong>*)</strong></span> <span class='ocrx_word' id='word_1_50' title='bbox 321 965 546 1012; x_wconf 84' lang='lat' dir='ltr'><strong>Quamquam</strong></span> <span class='ocrx_word' id='word_1_51' title='bbox 572 968 640 1002; x_wconf 85' lang='lat' dir='ltr'><strong>hoc</strong></span> <span class='ocrx_word' id='word_1_52' title='bbox 664 968 759 1013; x_wconf 90' lang='lat' dir='ltr'><strong>quod</strong></span> <span class='ocrx_word' id='word_1_53' title='bbox 786 967 921 1009; x_wconf 79' lang='lat' dir='ltr'><strong>attinet,</strong></span> <span class='ocrx_word' id='word_1_54' title='bbox 943 968 974 1002; x_wconf 86' lang='lat' dir='ltr'><strong>si</strong></span> <span class='ocrx_word' id='word_1_55' title='bbox 997 969 1117 1011; x_wconf 79' lang='lat' dir='ltr'><strong>fragm.</strong></span> <span class='ocrx_word' id='word_1_56' title='bbox 1144 966 1259 1003; x_wconf 89' lang='lat' dir='ltr'><strong>Parm.</strong></span> <span class='ocrx_word' id='word_1_57' title='bbox 1282 982 1313 1004; x_wconf 90' lang='lat' dir='ltr'><strong>v.</strong></span> <span class='ocrx_word' id='word_1_58' title='bbox 1337 967 1394 1003; x_wconf 84' lang='grc'><strong>98.</strong></span> 
     </span>
     <span class='ocr_line' id='line_1_10' title="bbox 665 1023 1315 1076; baseline 0 -13"><span class='ocrx_word' id='word_1_59' title='bbox 665 1048 708 1054; x_wconf 87' lang='lat'><strong>-—</strong></span> <span class='ocrx_word' id='word_1_60' title='bbox 734 1048 778 1054; x_wconf 92' lang='lat'>-</span> <span class='ocrx_word' id='word_1_61' title='bbox 802 1031 874 1064; x_wconf 71' lang='grc' dir='ltr'><strong>ἐπεὶ</strong></span> <span class='ocrx_word' id='word_1_62' title='bbox 895 1027 938 1065; x_wconf 89' lang='grc' dir='ltr'><strong>τό</strong></span> <span class='ocrx_word' id='word_1_63' title='bbox 962 1042 1001 1074; x_wconf 73' lang='grc' dir='ltr'><strong>γε</strong></span> <span class='ocrx_word' id='word_1_64' title='bbox 1023 1023 1119 1076; x_wconf 72' lang='grc' dir='ltr'><em>μοῖρ’</em></span> <span class='ocrx_word' id='word_1_65' title='bbox 1142 1030 1315 1075; x_wconf 55' lang='lat' dir='ltr'><strong>suganam,</strong></span> 
     </span>
     <span class='ocr_line' id='line_1_11' title="bbox 369 1085 1313 1139; baseline 0.002 -15"><span class='ocrx_word' id='word_1_66' title='bbox 369 1085 470 1125; x_wconf 76' lang='grc' dir='ltr'><em>οὖλον</em></span> <span class='ocrx_word' id='word_1_67' title='bbox 493 1088 657 1137; x_wconf 72' lang='grc' dir='ltr'>ἀκίνητόν</span> <span class='ocrx_word' id='word_1_68' title='bbox 679 1088 710 1126; x_wconf 69' lang='grc' dir='ltr'><strong>τ’</strong></span> <span class='ocrx_word' id='word_1_69' title='bbox 735 1094 865 1138; x_wconf 62' lang='grc' dir='ltr'><em>ἑζιιεναι,</em></span> <span class='ocrx_word' id='word_1_70' title='bbox 888 1093 936 1136; x_wconf 79' lang='grc' dir='ltr'><strong>τῷ</strong></span> <span class='ocrx_word' id='word_1_71' title='bbox 957 1087 1059 1127; x_wconf 69' lang='grc' dir='ltr'><em>πάντ’</em></span> <span class='ocrx_word' id='word_1_72' title='bbox 1084 1087 1185 1139; x_wconf 71' lang='grc' dir='ltr'><em>ὄνομ’</em></span> <span class='ocrx_word' id='word_1_73' title='bbox 1208 1095 1313 1135; x_wconf 74' lang='grc' dir='ltr'><strong><em>ἐστίν,</em></strong></span> 
     </span>
     <span class='ocr_line' id='line_1_12' title="bbox 367 1150 1334 1202; baseline 0.002 -14"><span class='ocrx_word' id='word_1_74' title='bbox 367 1150 459 1188; x_wconf 77' lang='grc' dir='ltr'><strong><em>ὅσσα</em></strong></span> <span class='ocrx_word' id='word_1_75' title='bbox 481 1157 603 1202; x_wconf 77' lang='grc' dir='ltr'><em>βροτοὶ</em></span> <span class='ocrx_word' id='word_1_76' title='bbox 627 1158 827 1197; x_wconf 77' lang='grc' dir='ltr'><em>κατέθεντο,</em></span> <span class='ocrx_word' id='word_1_77' title='bbox 851 1153 1064 1195; x_wconf 81' lang='grc' dir='ltr'><em>πεποιθότες</em></span> <span class='ocrx_word' id='word_1_78' title='bbox 1087 1157 1175 1190; x_wconf 73' lang='grc' dir='ltr'><strong><em>εἶναι</em></strong></span> <span class='ocrx_word' id='word_1_79' title='bbox 1202 1151 1334 1202; x_wconf 67' lang='grc' dir='ltr'><em>ἀληθῆ,</em></span> 
     </span>
     <span class='ocr_line' id='line_1_13' title="bbox 363 1214 1270 1263; baseline 0.001 -11"><span class='ocrx_word' id='word_1_80' title='bbox 363 1217 555 1262; x_wconf 71' lang='grc' dir='ltr'><strong><em>γίγνέσθαί</em></strong></span> <span class='ocrx_word' id='word_1_81' title='bbox 573 1231 610 1252; x_wconf 81' lang='grc' dir='ltr'><strong>τε</strong></span> <span class='ocrx_word' id='word_1_82' title='bbox 633 1221 692 1253; x_wconf 75' lang='grc' dir='ltr'><strong>καὶ</strong></span> <span class='ocrx_word' id='word_1_83' title='bbox 716 1214 904 1257; x_wconf 67' lang='grc' dir='ltr'><strong><em>ὄλλυσθαι.</em></strong></span> <span class='ocrx_word' id='word_1_84' title='bbox 930 1214 1020 1253; x_wconf 77' lang='grc' dir='ltr'><strong><em>εἶναι’</em></strong></span> <span class='ocrx_word' id='word_1_85' title='bbox 1041 1231 1078 1253; x_wconf 86' lang='grc' dir='ltr'><strong>τε</strong></span> <span class='ocrx_word' id='word_1_86' title='bbox 1101 1221 1160 1253; x_wconf 75' lang='grc' dir='ltr'><strong>καὶ</strong></span> <span class='ocrx_word' id='word_1_87' title='bbox 1175 1215 1270 1263; x_wconf 59' lang='lat' dir='ltr'><strong>mill,</strong></span> 
     </span>
     <span class='ocr_line' id='line_1_14' title="bbox 363 1276 1376 1330; baseline 0.001 -15"><span class='ocrx_word' id='word_1_88' title='bbox 363 1283 422 1315; x_wconf 70' lang='grc' dir='ltr'><strong>καὶ</strong></span> <span class='ocrx_word' id='word_1_89' title='bbox 445 1279 556 1316; x_wconf 75' lang='grc' dir='ltr'><em>τόπον</em></span> <span class='ocrx_word' id='word_1_90' title='bbox 575 1277 772 1323; x_wconf 61' lang='lat' dir='ltr'><strong>dudonem,</strong></span> <span class='ocrx_word' id='word_1_91' title='bbox 797 1278 858 1316; x_wconf 78' lang='grc' dir='ltr'><strong>διά</strong></span> <span class='ocrx_word' id='word_1_92' title='bbox 880 1294 916 1315; x_wconf 88' lang='grc' dir='ltr'><strong>τε</strong></span> <span class='ocrx_word' id='word_1_93' title='bbox 934 1278 1028 1328; x_wconf 80' lang='grc' dir='ltr'><strong><em>χρόα</em></strong></span> <span class='ocrx_word' id='word_1_94' title='bbox 1048 1278 1163 1328; x_wconf 81' lang='grc' dir='ltr'><strong><em>φανὸν</em></strong></span> <span class='ocrx_word' id='word_1_95' title='bbox 1186 1276 1376 1330; x_wconf 53' lang='grc' dir='ltr'><strong>ἀμείβειν.υ</strong></span> 
     </span>
     <span class='ocr_line' id='line_1_15' title="bbox 160 1344 1525 1395; baseline -0.001 -15"><span class='ocrx_word' id='word_1_96' title='bbox 160 1345 380 1391; x_wconf 75' lang='lat' dir='ltr'><strong>respicimus,</strong></span> <span class='ocrx_word' id='word_1_97' title='bbox 411 1344 509 1395; x_wconf 73' lang='lat' dir='ltr'><strong>cujus</strong></span> <span class='ocrx_word' id='word_1_98' title='bbox 541 1346 625 1381; x_wconf 90' lang='lat' dir='ltr'><strong>haec</strong></span> <span class='ocrx_word' id='word_1_99' title='bbox 658 1357 709 1381; x_wconf 90' lang='lat' dir='ltr'><strong>est</strong></span> <span class='ocrx_word' id='word_1_100' title='bbox 739 1345 923 1382; x_wconf 78' lang='lat' dir='ltr'><strong>sententia:</strong></span> <span class='ocrx_word' id='word_1_101' title='bbox 971 1346 1107 1393; x_wconf 86' lang='lat' dir='ltr'><strong>periens</strong></span> <span class='ocrx_word' id='word_1_102' title='bbox 1138 1356 1171 1381; x_wconf 88' lang='lat' dir='ltr'><strong>et</strong></span> <span class='ocrx_word' id='word_1_103' title='bbox 1203 1346 1276 1381; x_wconf 78' lang='lat' dir='ltr'><strong>fieri</strong></span> <span class='ocrx_word' id='word_1_104' title='bbox 1308 1346 1403 1393; x_wconf 84' lang='lat' dir='ltr'><strong>quod</strong></span> <span class='ocrx_word' id='word_1_105' title='bbox 1436 1346 1525 1380; x_wconf 88' lang='lat' dir='ltr'><strong>dica-</strong></span> 
     </span>
     <span class='ocr_line' id='line_1_16' title="bbox 160 1404 1526 1456; baseline -0.001 -11"><span class='ocrx_word' id='word_1_106' title='bbox 160 1420 236 1455; x_wconf 84' lang='lat' dir='ltr'><strong>tur,</strong></span> <span class='ocrx_word' id='word_1_107' title='bbox 268 1410 423 1445; x_wconf 81' lang='lat' dir='ltr'><strong>humano</strong></span> <span class='ocrx_word' id='word_1_108' title='bbox 454 1420 591 1445; x_wconf 84' lang='lat' dir='ltr'><strong>tantum</strong></span> <span class='ocrx_word' id='word_1_109' title='bbox 625 1411 745 1444; x_wconf 87' lang='lat' dir='ltr'><strong>animo</strong></span> <span class='ocrx_word' id='word_1_110' title='bbox 776 1411 845 1445; x_wconf 80' lang='lat' dir='ltr'><strong>tale</strong></span> <span class='ocrx_word' id='word_1_111' title='bbox 876 1410 1011 1453; x_wconf 66' lang='lat' dir='ltr'><strong>videri,</strong></span> <span class='ocrx_word' id='word_1_112' title='bbox 1040 1424 1154 1445; x_wconf 80' lang='lat' dir='ltr'><strong>revera</strong></span> <span class='ocrx_word' id='word_1_113' title='bbox 1187 1404 1294 1456; x_wconf 82' lang='lat' dir='ltr'><strong>quum</strong></span> <span class='ocrx_word' id='word_1_114' title='bbox 1327 1410 1371 1444; x_wconf 73' lang='lat' dir='ltr'><strong>sit</strong></span> <span class='ocrx_word' id='word_1_115' title='bbox 1401 1408 1526 1443; x_wconf 85' lang='lat' dir='ltr'><strong>immo-</strong></span> 
     </span>
     <span class='ocr_line' id='line_1_17' title="bbox 159 1465 1525 1517; baseline -0.001 -8"><span class='ocrx_word' id='word_1_116' title='bbox 159 1474 231 1510; x_wconf 84' lang='lat' dir='ltr'><strong>bile</strong></span> <span class='ocrx_word' id='word_1_117' title='bbox 262 1491 327 1517; x_wconf 90' lang='lat'><strong>—,</strong></span> <span class='ocrx_word' id='word_1_118' title='bbox 367 1488 439 1509; x_wconf 85' lang='lat' dir='ltr'><strong>non</strong></span> <span class='ocrx_word' id='word_1_119' title='bbox 480 1474 629 1510; x_wconf 83' lang='lat' dir='ltr'><strong>multum</strong></span> <span class='ocrx_word' id='word_1_120' title='bbox 669 1465 833 1509; x_wconf 75' lang='lat' dir='ltr'><strong>interess¹e</strong></span> <span class='ocrx_word' id='word_1_121' title='bbox 870 1474 1006 1509; x_wconf 87' lang='lat' dir='ltr'><strong>videtur</strong></span> <span class='ocrx_word' id='word_1_122' title='bbox 1042 1474 1132 1508; x_wconf 83' lang='lat' dir='ltr'><strong>inter</strong></span> <span class='ocrx_word' id='word_1_123' title='bbox 1155 1472 1419 1508; x_wconf 73' lang='lat' dir='ltr'><strong>Pannenideam</strong></span> <span class='ocrx_word' id='word_1_124' title='bbox 1448 1487 1525 1508; x_wconf 80' lang='lat' dir='ltr'><strong>sen-</strong></span> 
     </span>
     <span class='ocr_line' id='line_1_18' title="bbox 156 1532 1524 1593; baseline -0.002 -19"><span class='ocrx_word' id='word_1_125' title='bbox 156 1538 302 1574; x_wconf 74' lang='lat' dir='ltr'><strong>tentiam</strong></span> <span class='ocrx_word' id='word_1_126' title='bbox 336 1540 379 1574; x_wconf 88' lang='lat' dir='ltr'><strong>de</strong></span> <span class='ocrx_word' id='word_1_127' title='bbox 414 1538 588 1583; x_wconf 78' lang='lat' dir='ltr'><strong>gignendo</strong></span> <span class='ocrx_word' id='word_1_128' title='bbox 631 1548 665 1573; x_wconf 85' lang='lat' dir='ltr'><strong>et</strong></span> <span class='ocrx_word' id='word_1_129' title='bbox 696 1538 923 1593; x_wconf 42' lang='lat' dir='ltr'><strong>Pla-tonicam.</strong></span> <span class='ocrx_word' id='word_1_130' title='bbox 979 1539 1101 1584; x_wconf 82' lang='lat' dir='ltr'><strong>Neque</strong></span> <span class='ocrx_word' id='word_1_131' title='bbox 1142 1538 1198 1572; x_wconf 84' lang='lat' dir='ltr'><strong>hic</strong></span> <span class='ocrx_word' id='word_1_132' title='bbox 1232 1538 1324 1573; x_wconf 84' lang='lat' dir='ltr'><strong>euim</strong></span> <span class='ocrx_word' id='word_1_133' title='bbox 1361 1532 1402 1569; x_wconf 78' lang='grc' dir='ltr'><strong>τὸ</strong></span> <span class='ocrx_word' id='word_1_134' title='bbox 1440 1538 1524 1576; x_wconf 79' lang='lat' dir='ltr'><strong>fieri,</strong></span> 
     </span>
     <span class='ocr_line' id='line_1_19' title="bbox 156 1592 1523 1651; baseline 0 -15"><span class='ocrx_word' id='word_1_135' title='bbox 156 1604 272 1649; x_wconf 88' lang='lat' dir='ltr'><strong>quoad</strong></span> <span class='ocrx_word' id='word_1_136' title='bbox 296 1603 369 1638; x_wconf 86' lang='lat' dir='ltr'><strong>fieri</strong></span> <span class='ocrx_word' id='word_1_137' title='bbox 395 1611 462 1644; x_wconf 82' lang='lat' dir='ltr'><strong>est,</strong></span> <span class='ocrx_word' id='word_1_138' title='bbox 491 1602 674 1637; x_wconf 71' lang='lat' dir='ltr'><strong>essentiam</strong></span> <span class='ocrx_word' id='word_1_139' title='bbox 699 1601 821 1643; x_wconf 83' lang='lat' dir='ltr'><strong>habet,</strong></span> <span class='ocrx_word' id='word_1_140' title='bbox 849 1602 910 1637; x_wconf 82' lang='lat' dir='ltr'><strong>sed</strong></span> <span class='ocrx_word' id='word_1_141' title='bbox 935 1603 1026 1636; x_wconf 87' lang='lat' dir='ltr'><strong>valet</strong></span> <span class='ocrx_word' id='word_1_142' title='bbox 1048 1601 1141 1636; x_wconf 84' lang='lat' dir='ltr'><strong>idem</strong></span> <span class='ocrx_word' id='word_1_143' title='bbox 1167 1602 1280 1651; x_wconf 82' lang='lat' dir='ltr'><strong>quod:</strong></span> <span class='ocrx_word' id='word_1_144' title='bbox 1323 1592 1406 1633; x_wconf 63' lang='lat'><strong>056³</strong></span> <span class='ocrx_word' id='word_1_145' title='bbox 1431 1593 1523 1636; x_wconf 78' lang='grc' dir='ltr'><strong>ὅπως</strong></span> 
     </span>
     <span class='ocr_line' id='line_1_20' title="bbox 157 1663 1519 1712; baseline -0.001 -12"><span class='ocrx_word' id='word_1_146' title='bbox 157 1663 211 1709; x_wconf 87' lang='lat' dir='ltr'><strong>(v.</strong></span> <span class='ocrx_word' id='word_1_147' title='bbox 235 1665 377 1701; x_wconf 84' lang='lat' dir='ltr'><strong>Theaet.</strong></span> <span class='ocrx_word' id='word_1_148' title='bbox 401 1680 437 1712; x_wconf 84' lang='lat' dir='ltr'><strong>p.</strong></span> <span class='ocrx_word' id='word_1_149' title='bbox 470 1664 586 1710; x_wconf 84' lang='lat'>183.),</span> <span class='ocrx_word' id='word_1_150' title='bbox 617 1676 649 1701; x_wconf 87' lang='lat' dir='ltr'><strong>et</strong></span> <span class='ocrx_word' id='word_1_151' title='bbox 681 1677 732 1701; x_wconf 86' lang='lat' dir='ltr'><strong>est</strong></span> <span class='ocrx_word' id='word_1_152' title='bbox 760 1676 895 1701; x_wconf 83' lang='lat' dir='ltr'><strong>tantum</strong></span> <span class='ocrx_word' id='word_1_153' title='bbox 926 1666 1044 1712; x_wconf 86' lang='lat' dir='ltr'><strong>quoad</strong></span> <span class='ocrx_word' id='word_1_154' title='bbox 1077 1665 1244 1701; x_wconf 82' lang='lat' dir='ltr'><strong>essentiae</strong></span> <span class='ocrx_word' id='word_1_155' title='bbox 1266 1663 1436 1709; x_wconf 82' lang='lat' dir='ltr'><strong>particeps</strong></span> <span class='ocrx_word' id='word_1_156' title='bbox 1460 1671 1519 1698; x_wconf 85' lang='lat' dir='ltr'><strong>est.</strong></span> 
     </span>
     <span class='ocr_line' id='line_1_21' title="bbox 155 1726 1519 1776; baseline -0.003 -13"><span class='ocrx_word' id='word_1_157' title='bbox 155 1729 227 1764; x_wconf 88' lang='lat' dir='ltr'><strong>Sed</strong></span> <span class='ocrx_word' id='word_1_158' title='bbox 258 1729 326 1763; x_wconf 89' lang='lat' dir='ltr'><strong>hoc</strong></span> <span class='ocrx_word' id='word_1_159' title='bbox 357 1729 472 1776; x_wconf 84' lang='lat' dir='ltr'><strong>ipsum</strong></span> <span class='ocrx_word' id='word_1_160' title='bbox 504 1730 678 1764; x_wconf 88' lang='lat' dir='ltr'><strong>cardinem</strong></span> <span class='ocrx_word' id='word_1_161' title='bbox 708 1742 908 1775; x_wconf 84' lang='lat' dir='ltr'><strong>progressus</strong></span> <span class='ocrx_word' id='word_1_162' title='bbox 941 1728 1176 1776; x_wconf 86' lang='lat' dir='ltr'><strong>philosophici</strong></span> <span class='ocrx_word' id='word_1_163' title='bbox 1209 1726 1382 1768; x_wconf 87' lang='lat' dir='ltr'><strong>continet,</strong></span> <span class='ocrx_word' id='word_1_164' title='bbox 1413 1738 1519 1772; x_wconf 89' lang='lat' dir='ltr'><strong>quum</strong></span> 
     </span>
     <span class='ocr_line' id='line_1_22' title="bbox 154 1788 1520 1839; baseline -0.002 -11"><span class='ocrx_word' id='word_1_165' title='bbox 154 1790 379 1828; x_wconf 79' lang='lat' dir='ltr'><strong>Parmenides</strong></span> <span class='ocrx_word' id='word_1_166' title='bbox 408 1788 450 1826; x_wconf 85' lang='grc' dir='ltr'><strong>τὸ</strong></span> <span class='ocrx_word' id='word_1_167' title='bbox 480 1793 553 1828; x_wconf 80' lang='lat' dir='ltr'><strong>sieri</strong></span> <span class='ocrx_word' id='word_1_168' title='bbox 583 1807 727 1839; x_wconf 78' lang='lat' dir='ltr'><strong>prorsus</strong></span> <span class='ocrx_word' id='word_1_169' title='bbox 759 1803 877 1836; x_wconf 82' lang='lat' dir='ltr'><strong>neget,</strong></span> <span class='ocrx_word' id='word_1_170' title='bbox 907 1794 1005 1829; x_wconf 81' lang='lat' dir='ltr'><strong>Plato</strong></span> <span class='ocrx_word' id='word_1_171' title='bbox 1036 1804 1152 1829; x_wconf 89' lang='lat' dir='ltr'><strong>autem</strong></span> <span class='ocrx_word' id='word_1_172' title='bbox 1183 1805 1295 1828; x_wconf 78' lang='lat' dir='ltr'><strong>veram</strong></span> <span class='ocrx_word' id='word_1_173' title='bbox 1327 1789 1399 1838; x_wconf 72' lang='lat' dir='ltr'><strong>ejus</strong></span> <span class='ocrx_word' id='word_1_174' title='bbox 1421 1790 1520 1826; x_wconf 72' lang='lat' dir='ltr'><strong>invo-</strong></span> 
     </span>
     <span class='ocr_line' id='line_1_23' title="bbox 154 1854 1520 1907; baseline -0.001 -16"><span class='ocrx_word' id='word_1_175' title='bbox 154 1857 262 1891; x_wconf 69' lang='lat' dir='ltr'><strong>lutam</strong></span> <span class='ocrx_word' id='word_1_176' title='bbox 299 1856 367 1892; x_wconf 85' lang='lat' dir='ltr'><strong>vim</strong></span> <span class='ocrx_word' id='word_1_177' title='bbox 402 1866 462 1890; x_wconf 85' lang='lat' dir='ltr'><strong>aut</strong></span> <span class='ocrx_word' id='word_1_178' title='bbox 494 1857 589 1903; x_wconf 87' lang='lat' dir='ltr'><strong>quod</strong></span> <span class='ocrx_word' id='word_1_179' title='bbox 619 1857 715 1891; x_wconf 85' lang='lat' dir='ltr'><strong>idem</strong></span> <span class='ocrx_word' id='word_1_180' title='bbox 750 1857 857 1906; x_wconf 63' lang='lat' dir='ltr'><strong>valet.</strong></span> <span class='ocrx_word' id='word_1_181' title='bbox 885 1855 956 1905; x_wconf 82' lang='lat' dir='ltr'><strong>ejus</strong></span> <span class='ocrx_word' id='word_1_182' title='bbox 989 1871 1067 1891; x_wconf 91' lang='lat' dir='ltr'><strong>cum</strong></span> <span class='ocrx_word' id='word_1_183' title='bbox 1097 1856 1242 1907; x_wconf 59' lang='lat' dir='ltr'><strong>canentia</strong></span> <span class='ocrx_word' id='word_1_184' title='bbox 1266 1854 1520 1890; x_wconf 78' lang='lat' dir='ltr'><strong>cohaerentiam</strong></span> 
     </span>
     <span class='ocr_line' id='line_1_24' title="bbox 134 1907 1519 1967; baseline -0.002 -13"><span class='ocrx_word' id='word_1_185' title='bbox 134 1907 341 1965; x_wconf 40' lang='lat' dir='ltr'><strong>arripiens,</strong></span> <span class='ocrx_word' id='word_1_186' title='bbox 371 1920 460 1954; x_wconf 86' lang='lat' dir='ltr'><strong>illud</strong></span> <span class='ocrx_word' id='word_1_187' title='bbox 490 1921 588 1967; x_wconf 87' lang='lat' dir='ltr'><strong>quasi</strong></span> <span class='ocrx_word' id='word_1_188' title='bbox 620 1935 638 1956; x_wconf 87' lang='lat' dir='ltr'><strong>e</strong></span> <span class='ocrx_word' id='word_1_189' title='bbox 662 1922 731 1956; x_wconf 83' lang='lat' dir='ltr'><strong>suis</strong></span> <span class='ocrx_word' id='word_1_190' title='bbox 757 1922 884 1956; x_wconf 80' lang='lat' dir='ltr'><strong>finibus</strong></span> <span class='ocrx_word' id='word_1_191' title='bbox 910 1922 1051 1962; x_wconf 85' lang='lat' dir='ltr'><strong>educat,</strong></span> <span class='ocrx_word' id='word_1_192' title='bbox 1082 1934 1195 1967; x_wconf 84' lang='lat' dir='ltr'><strong>eoque</strong></span> <span class='ocrx_word' id='word_1_193' title='bbox 1219 1932 1321 1966; x_wconf 78' lang='lat' dir='ltr'><strong>supra</strong></span> <span class='ocrx_word' id='word_1_194' title='bbox 1345 1933 1382 1954; x_wconf 77' lang='lat' dir='ltr'><strong>se</strong></span> <span class='ocrx_word' id='word_1_195' title='bbox 1405 1918 1519 1964; x_wconf 77' lang='lat' dir='ltr'><strong>ipsum</strong></span> 
     </span>
     <span class='ocr_line' id='line_1_25' title="bbox 152 1973 1521 2033; baseline -0.001 -16"><span class='ocrx_word' id='word_1_196' title='bbox 152 1985 305 2019; x_wconf 83' lang='lat' dir='ltr'><strong>extollat.</strong></span> <span class='ocrx_word' id='word_1_197' title='bbox 336 1973 404 2018; x_wconf 51' lang='lat' dir='ltr'><strong>&#39;Eo</strong></span> <span class='ocrx_word' id='word_1_198' title='bbox 439 1986 592 2019; x_wconf 85' lang='lat' dir='ltr'><strong>mundus</strong></span> <span class='ocrx_word' id='word_1_199' title='bbox 623 1985 793 2020; x_wconf 81' lang='lat' dir='ltr'><strong>sensibilis</strong></span> <span class='ocrx_word' id='word_1_200' title='bbox 825 1983 991 2033; x_wconf 75' lang='lat' dir='ltr'><strong>majorem</strong></span> <span class='ocrx_word' id='word_1_201' title='bbox 1023 1984 1234 2018; x_wconf 80' lang='lat' dir='ltr'><strong>nanciscitur</strong></span> <span class='ocrx_word' id='word_1_202' title='bbox 1262 1982 1521 2027; x_wconf 79' lang='lat' dir='ltr'><strong>gravioremque</strong></span> 
     </span>
     <span class='ocr_line' id='line_1_26' title="bbox 152 2046 1518 2095; baseline 0.001 -16"><span class='ocrx_word' id='word_1_203' title='bbox 152 2048 220 2081; x_wconf 86' lang='lat' dir='ltr'><strong>vim</strong></span> <span class='ocrx_word' id='word_1_204' title='bbox 252 2048 296 2081; x_wconf 87' lang='lat' dir='ltr'><strong>ad</strong></span> <span class='ocrx_word' id='word_1_205' title='bbox 329 2057 504 2081; x_wconf 86' lang='lat' dir='ltr'><strong>aeternum</strong></span> <span class='ocrx_word' id='word_1_206' title='bbox 536 2050 742 2094; x_wconf 84' lang='lat' dir='ltr'><strong>bonumque</strong></span> <span class='ocrx_word' id='word_1_207' title='bbox 770 2049 951 2084; x_wconf 85' lang='lat' dir='ltr'><strong>tendendi:</strong></span> <span class='ocrx_word' id='word_1_208' title='bbox 985 2049 1080 2095; x_wconf 88' lang='lat' dir='ltr'><strong>quod</strong></span> <span class='ocrx_word' id='word_1_209' title='bbox 1106 2058 1282 2084; x_wconf 82' lang='lat' dir='ltr'><strong>aeternum</strong></span> <span class='ocrx_word' id='word_1_210' title='bbox 1309 2059 1422 2082; x_wconf 82' lang='lat' dir='ltr'><strong>veram</strong></span> <span class='ocrx_word' id='word_1_211' title='bbox 1446 2046 1518 2081; x_wconf 70' lang='lat' dir='ltr'><strong>eius</strong></span> 
     </span>
    </p>
   </div>
   <div class='ocr_carea' id='block_1_4' title="bbox 151 2110 1054 2157">
    <p class='ocr_par' dir='ltr' id='par_1_4' title="bbox 151 2110 1054 2157">
     <span class='ocr_line' id='line_1_27' title="bbox 151 2110 1054 2157; baseline 0.002 -13"><span class='ocrx_word' id='word_1_212' title='bbox 151 2121 310 2145; x_wconf 81' lang='lat' dir='ltr'><strong>naturam</strong></span> <span class='ocrx_word' id='word_1_213' title='bbox 336 2110 525 2152; x_wconf 75' lang='lat' dir='ltr'><strong>constituit,</strong></span> <span class='ocrx_word' id='word_1_214' title='bbox 546 2113 621 2147; x_wconf 78' lang='lat' dir='ltr'><strong>sola</strong></span> <span class='ocrx_word' id='word_1_215' title='bbox 646 2113 798 2157; x_wconf 74' lang='lat' dir='ltr'><strong>specie</strong></span> <span class='ocrx_word' id='word_1_216' title='bbox 818 2116 1054 2149; x_wconf 68' lang='lat' dir='ltr'><strong>obscuratum.</strong></span> 
     </span>
    </p>
   </div>
   <div class='ocr_carea' id='block_1_5' title="bbox 680 2280 987 2299">
    <p class='ocr_par' dir='ltr' id='par_1_5' title="bbox 680 2280 987 2299">
     <span class='ocr_line' id='line_1_28' title="bbox 680 2280 987 2299; baseline -0.003 -8"><span class='ocrx_word' id='word_1_217' title='bbox 680 2280 987 2299; x_wconf 48' lang='grc' dir='ltr'><strong>...Φ-</strong></span> 
     </span>
    </p>
   </div>
  </div>
 </body>
</html>
