1648 2971
702 174 990 218 ..20-

154 286 230 328 sed
277 288 444 340 ipsum,
488 287 719 340 eademque
766 289 936 328 ratione
983 285 1145 339 multa)
1192 283 1415 341 ἀποδείξει
1456 303 1521 340 τις

152 362 229 404 καὶ
260 353 320 404 αὖ
348 356 405 404 τὰ
433 356 578 404 πολλὰ
608 358 662 414 δὴ
695 363 754 413 ἓν,
782 361 917 407 τοῦτο
946 359 1033 415 ἤδη
1061 357 1379 418 θαυμάσομαι.

271 435 359 479 Sed
388 435 544 479 modus
575 438 784 494 negandi,
816 440 948 491 ratio,
985 451 1070 494 qua
1101 439 1314 480 contraria
1345 436 1523 495 explica-

152 510 228 554 bat
252 510 537 569 ·tollebatque,
569 528 698 571 quam
728 520 877 570 arguta
907 513 1203 570 et.ingeniosa
1241 511 1388 566 fuerit,
1425 526 1523 556 sen-

154 586 313 628 tentiae
346 588 440 630 eius
469 603 582 646 quae
613 588 668 632 ad
697 602 779 632 nos
812 595 1114 646 pervenerunt,
1145 587 1315 640 docent,
1346 595 1388 631 et
1413 587 1524 631 hanc

153 660 214 704 ob
256 677 347 705 rem
384 662 511 706 Plato
552 663 851 707 parmenidem
888 665 991 709 facit
1027 664 1262 708 dicentem:
1302 656 1435 714 οὗτος
1470 659 1525 706 ὅν

153 750 234 793 περ
265 734 465 790 ἤκουσας
487 735 706 792 Ζήνωνος.
769 740 953 798 Propter
983 741 1093 783 hanc
1122 740 1303 783 formam
1332 736 1525 780 dialecti-

153 826 261 863 cam,
293 813 418 854 cuius
450 814 718 856 inventorem
749 827 847 857 eum
878 814 1022 858 dicere
1039 816 1196 872 possiS‚
1226 812 1439 869 (indeque
1458 826 1525 854 re·

153 901 255 930 vera
288 886 541 931 Palamedes
580 887 799 932 Eleaticus
837 889 1076 947 appellatus
1115 891 1212 943 est),
1249 910 1310 920 —
1347 895 1525 946 propter

154 962 265 1005 hanc
303 964 433 1020 igitur
476 962 661 1007 formam
701 965 764 1025 in⁸
789 967 1040 1009 uuiversum
1079 965 1149 1007 hic
1187 962 1523 1007 commendatur.

154 1039 275 1081 Haec
302 1037 532 1081 methodus
566 1038 791 1083 dialectica
823 1042 968 1083 omnia
999 1038 1272 1097 disquirendi
1304 1052 1328 1081 a
1347 1038 1526 1081 Platone

154 1111 501 1165 commendatur,
532 1112 612 1156 sed
642 1113 774 1156 alium
804 1115 851 1155 in
878 1114 1013 1157 finem
1043 1114 1231 1172 ideoque
1262 1128 1411 1157 revera
1443 1113 1527 1156 alia

156 1201 295 1244 eaque
326 1186 573 1229 sublimiori
605 1187 688 1230 sub
719 1189 867 1231 forma.

269 1262 423 1318 Itaque
445 1270 534 1304 tum
554 1262 833 1306 Parmenides
851 1275 891 1319 p.
904 1262 989 1304 136
1006 1262 1128 1305 H.St.
1155 1263 1366 1303 rationem
1389 1260 1528 1312 docet,

154 1349 241 1391 qua
272 1337 569 1393 quaerendum
589 1339 655 1391 sit,
673 1362 729 1371 —
751 1338 953 1382 Socrates
968 1336 1077 1382 illud
1100 1337 1205 1393 quid
1233 1338 1288 1379 sit
1318 1351 1528 1393 quaereu-

158 1410 272 1462 dum,
296 1416 528 1470 proposuit
546 1438 600 1446 -
625 1409 709 1472 χρὴ
728 1410 775 1456 δὲ
793 1415 867 1457 καὶ
883 1410 986 1455 τόδε
1002 1414 1065 1455 ἔτι
1083 1408 1195 1467 πρὸς
1212 1408 1354 1467 τούτῳ
1371 1418 1528 1463 ποιεῖν,

153 1482 214 1541 μή
245 1484 389 1542 μόνον
418 1492 455 1532 εὶ
485 1487 603 1532 ἔστιν
626 1491 813 1532 ἕκαστον
834 1485 1125 1543 ὑποθέμενον
1138 1492 1319 1530 σκοπεῖν
1341 1483 1399 1529 τοὶ
1423 1501 1525 1543 συμ-

153 1562 376 1617 βαίνοντα
390 1565 437 1605 ἐκ
455 1562 534 1615 τῆς
550 1561 819 1613 ὑποθέσεως,
845 1560 1046 1604 ἀλλὰκαὶ
1067 1565 1102 1604 εὶ
1130 1557 1192 1617 μὴ
1223 1562 1312 1603 ἐ’στι
1336 1557 1387 1604 τὸ
1416 1560 1526 1605 αὐτὸ

157 1635 290 1678 τοῦτο
321 1634 662 1680 ὑποτίθεσθαι.
685 1670 694 1678 .
713 1670 722 1678 .
746 1670 754 1678 .
775 1640 811 1679 εὶ
838 1634 985 1679 πολλά
1014 1639 1144 1685 ἐστιν,
1173 1636 1217 1677 τί
1234 1630 1319 1692 χρὴ
1340 1636 1529 1692 συμβαί-

157 1725 249 1753 νειν
279 1712 351 1753 καὶ
381 1709 535 1761 αὐτοῖς
563 1718 658 1762 τοῖς
687 1712 872 1763 πολλοῖς
899 1710 1010 1769 πρὸς
1040 1706 1156 1753 αὑτοὶ
1180 1714 1255 1753 καὶ
1280 1707 1393 1769 πρὸς
1405 1709 1456 1756 τὸ
1481 1709 1530 1756 ἓν

157 1787 234 1829 καὶ
268 1785 333 1841 τῷ
361 1789 428 1829 ἑνὶ
456 1783 572 1842 πρός
601 1801 647 1828 τε
677 1781 788 1827 αὑτὸ
821 1788 895 1829 καὶ
929 1783 1042 1841 πρὸς
1076 1783 1133 1827 τὰ
1163 1782 1330 1827 πολλὰ·
1370 1789 1442 1829 καὶ
1471 1782 1530 1830 αὖ

156 1864 193 1903 εἰ
209 1857 275 1916 μή
293 1864 384 1903 ἐστι
398 1857 557 1910 πολλά,
581 1856 716 1902 πάλιν
738 1865 916 1903 σκοπεῖν
945 1860 988 1901 τί
1007 1855 1281 1914 συμβήσεται
1294 1860 1368 1902 καὶ
1384 1859 1448 1916 τῷ
1467 1864 1530 1905 ἐνὶ

163 1937 239 1979 καὶ
268 1942 361 1987 τοῖς
385 1936 571 1985 πολλοῖς
592 1936 668 1977 καὶ
697 1930 802 1992 πρὸς
832 1929 946 1977 αὑτὰ
977 1934 1054 1976 καὶ
1083 1928 1195 1990 πρὸς
1223 1930 1422 1984 ἄλληλα.
1448 1968 1457 1977 .
1484 1969 1493 1978 .
1517 1970 1525 1979 .

161 2013 234 2054 καὶ
262 2013 325 2055 ἑνὶ
354 2009 492 2068 λόγῳ,
542 2012 640 2066 περὶ
678 2007 785 2053 ὅτου
822 2008 880 2053 ἄν
917 2005 985 2053 ἀεὶ
1019 2006 1180 2070 ὑποθῇ
1209 2005 1265 2059 ὠς
1294 2007 1425 2061 ὄντος
1454 2013 1529 2055 καὶ

162 2083 242 2129 οὐκ
273 2083 403 2136 ὄντος
432 2087 505 2127 καὶ
534 2082 686 2127 ὁτιοῦν
716 2084 827 2128 ἄλλο
858 2081 1018 2135 πάθος
1040 2080 1309 2141 πάσχοντος,
1340 2084 1406 2128 δεῖ
1434 2099 1528 2129 σκο-

161 2167 257 2204 πεῖν
291 2157 348 2203 to}
385 2160 696 2216 συμβαίνοντα
732 2155 845 2216 πρὸς
874 2157 985 2202 αὑτὸ
1016 2161 1093 2203 καὶ
1121 2155 1234 2216 πρὸς
1263 2155 1313 2201 ἓν
1342 2161 1529 2204 ἕκαστον

161 2235 248 2278 τῶν
277 2234 440 2287 ἄλλων,
472 2232 500 2279 ὅ
524 2250 570 2279 τι
591 2232 649 2278 ἄν
675 2236 859 2295 προέλῃ,
888 2236 962 2278 καὶ
990 2231 1102 2292 πρὸς
1126 2230 1363 2289 ξύμπαντα
1391 2231 1528 2278 ὡσαύ-

163 2323 269 2360 τως·
313 2311 385 2353 καὶ
418 2303 563 2353 τᾶλλα
592 2301 653 2352 αὖ
680 2306 794 2365 πρὸς
822 2306 938 2352 αὑτά
968 2325 1014 2352 τε
1042 2310 1121 2351 καὶ
1149 2304 1260 2365 πρὸς
1289 2305 1398 2351 ἄλλο
1431 2304 1457 2351 ὅ
1487 2324 1529 2351 τι

162 2380 222 2427 ἄν
257 2384 454 2446 προαιρῇ
490 2383 577 2438 ἀεί,
631 2382 708 2429 ὲάν
744 2400 791 2428 τε
832 2383 889 2436 ὡς
926 2382 978 2428 ὄν
1013 2380 1175 2444 ὑποθῇ
1211 2381 1240 2428 ὅ
1275 2380 1528 2435 ὑπετίθεσο,

163 2457 241 2503 ἐάν
268 2475 313 2504 τε
342 2456 398 2511 ὡς
425 2456 490 2515 μή
520 2458 591 2508 ὅν,
638 2465 674 2503 εὶ
708 2461 876 2518 μέλλεις
912 2460 1061 2511 τελέως
1096 2457 1434 2517 γυμνασάμενος
1460 2474 1527 2502 κυ-

162 2537 264 2591 ρίως
294 2532 550 2593 διόψεσθαι
578 2532 629 2577 τὸ
660 2533 842 2588 ἀληθές.

280 2610 408 2668 Quae
438 2608 709 2669 disquirendi
739 2611 848 2653 ratio
879 2609 1059 2652 alterum
1086 2610 1247 2667 primae
1273 2610 1405 2668 partis
1435 2623 1527 2653 mo-

164 2692 353 2728 mentum
385 2694 469 2737 est,
506 2687 679 2743 gravius
712 2688 836 2728 etiam
868 2686 1004 2728 altero
1040 2687 1159 2743 quod
1192 2686 1525 2743 postulationem
