1648 2971
675 218 967 261 ..53-

140 328 448 389 philosophum
483 330 574 373 non
606 328 792 387 patiatur
818 330 864 372 in
891 328 1103 388 sapientia
1133 327 1377 384 quiescere,
1413 330 1497 376 sed

143 406 237 464 ejus
273 407 407 456 vitam
448 406 789 466 sapientiamque
825 405 870 447 in
905 419 961 450 eo
999 405 1141 465 ponit,
1184 409 1233 448 ut
1266 410 1498 464 utrumque

140 495 260 527 novo
290 496 460 540 semper
488 488 648 525 conatu
676 486 719 525 et
747 479 966 525 molimine
994 487 1223 540 recuperet
1255 485 1298 524 et
1324 483 1502 538 regene-

141 565 208 602 ret
241 557 484 602 divinarum
520 571 665 601 rerum
706 556 1021 603 recordationis
1055 558 1205 602 studio
1241 572 1335 602 non
1368 559 1503 602 inter·

140 635 295 678 misso:
332 636 373 678 ei
408 646 512 678 sane
543 632 762 677 videbitur
797 634 959 691 optime
993 647 1092 675 cum
1124 632 1305 678 Platone
1339 648 1503 677 conve*

141 711 247 762 nire,
277 708 400 767 quod
428 710 475 752 in
503 709 641 767 primo
669 708 851 766 juvenili
880 710 1133 767 opere'tam
1160 719 1311 751 severe
1339 708 1394 752 de
1422 711 1503 753 im-

140 785 329 842 perfecta
350 786 597 843 scriptionis
626 791 780 829 natura
806 783 980 842 judicet,
1007 790 1053 827 et
1080 785 1126 827 in
1155 785 1407 827 universnm
1433 787 1503 830 to'-

140 867 231 904 tum
266 859 377 905 illud
416 861 495 919 per
528 859 675 904 literas
710 874 886 906 exarare
915 860 1043 918 quasi
1059 873 1255 917 egenum
1284 860 1505 919 inopsque

142 936 336 992 castiget,
365 938 544 979 maxime
570 951 676 981 vero
704 937 1034 996 perpetuitatem
1062 936 1295 989 sermonis,
1338 944 1385 980 ut
1413 940 1503 996 qua

142 1011 286 1053 omnis
314 1011 404 1051 vita
431 1011 742 1065 exstinguatur,
769 1011 955 1054 damaeta
1007 1024 1009 1026 ·

257 1083 308 1126 In
336 1084 433 1142 ipso
464 1081 716 1138 inveniendi
743 1082 836 1125 veri
864 1089 965 1126 actu
993 1081 1073 1126 sita
1103 1087 1169 1127 est
1197 1082 1424 1142 sapientia,
1453 1084 1507 1129 ilss

140 1159 272 1216 leque
306 1164 427 1203 actus
462 1159 651 1218 gignitur
688 1172 713 1201 e
751 1156 974 1202 dialectica
1010 1158 1318 1216 cogitationum
1348 1159 1507 1205 defini-

140 1236 273 1279 tione.

258 1308 388 1366 Quae
423 1322 575 1352 rursus
610 1309 681 1351 via
718 1305 883 1366 duplici
911 1305 1045 1351 modo
1075 1314 1140 1351 est
1168 1307 1504 1355 considerandaz

122 1388 185 1428 ‘et
220 1387 434 1440 quatenus
469 1386 516 1426 in
554 1397 605 1426 ea
640 1381 967 1440 progredientes
1002 1397 1086 1426 nos
1120 1384 1206 1440 ipsi
1239 1383 1506 1441 pedetentim

142 1457 199 1501 ad
241 1458 351 1515 legis
396 1454 555 1500 certam
600 1464 824 1513 ratamque
866 1470 1064 1501 normam
1108 1458 1430 1503 ascendamus:
1465 1466 1509 1504 et

143 1540 358 1590 quatenus
395 1547 445 1576 ea
483 1531 711 1575 auxiliante
733 1531 841 1575 aliis
876 1531 1243 1590 procreandarum
1286 1535 1508 1614 cogitatio-

142 1622 245 1654 num
274 1606 491 1667 possimus
519 1607 616 1651 fieri
646 1613 858 1651 auctores.

257 1683 375 1727 Idem
406 1690 471 1727 est
499 1681 695 1740 ejusdem
725 1681 887 1739 dialogi
916 1681 1155 1734 artificium,
1184 1688 1228 1725 'et
1244 1685 1510 1740 cogitatione

143 1758 200 1802 ad
228 1772 332 1812 rem,
360 1771 474 1815 quae
503 1765 685 1801 vocatur
712 1759 758 1801 in
787 1759 1103 1815 quaestionem,
1132 1759 1439 1815 perveniendi,
1464 1769 1510 1805 et

141 1835 191 1876 in
228 1833 324 1876 aliis
363 1835 644 1890 cogitationes
681 1832 904 1891 gignendi:
946 1835 1062 1877 inter
1096 1845 1216 1889 quae·
1244 1833 1351 1877 nihil
1386 1835 1510 1880 aliud

144 1910 324 1952 interest
360 1907 640 1961 discriminis,
680 1920 810 1966 quam
840 1906 963 1964 quod
993 1907 1127 1965 legeS,
1163 1920 1271 1964 quas
1301 1909 1347 1954 in
1376 1921 1510 1967 quae·

144 1983 283 2028 rendo
321 1985 417 2042 ipse
453 1984 550 2040 quis
591 1984 636 2027 in
667 1998 714 2026 se
742 1983 798 2026 sit
829 1990 1048 2041 expertus,
1083 1984 1128 2026 in
1154 1982 1340 2028 aliorum
1370 1969 1510 2029 socie-

144 2065 230 2103 tate
259 2056 404 2102 denuo
435 2059 719 2116 reperiantur.

261 2134 360 2177 Hoc
396 2140 460 2176 est
497 2134 762 2192 primarium,
806 2132 926 2192 quod
963 2133 1009 2175 in
1037 2130 1337 2177 adumbranda
1366 2134 1513 2179 Plato-

146 2210 243 2253 nica
273 2208 495 2264 dialectice
525 2207 758 2252 tenendum
795 2215 880 2263 est,
920 2209 1152 2267 esse‘ejus
1191 2208 1513 2267 philosophiam

146 2299 250 2327 vere
278 2284 608 2342 indagationem.

266 2358 414 2416 Quum
443 2360 572 2418 ‘igitar
601 2361 645 2402 in
675 2357 974 2417 philosophica
998 2369 1144 2402 rerum
1157 2358 1514 2404 consideratione

147 2434 295 2479 nullus
325 2447 428 2477 vere
459 2434 618 2492 gradus
648 2433 760 2477 ultra
795 2431 927 2477 finem
958 2432 1156 2484 excedat,
1193 2447 1324 2493 quum
1363 2436 1513 2493 potius

149 2512 335 2570 quisque
374 2512 591 2569 praeviam
631 2511 723 2568 ejus
759 2511 1049 2567 cognitionem
1089 2510 1301 2562 involvat;
1348 2510 1392 2553 in
1432 2508 1516 2554 hac

150 2587 391 2643 argumenti
422 2592 464 2629 et
493 2586 658 2630 formae
688 2571 925 2629 arctissima
955 2586 1278 2644 conjunctione,
1310 2600 1439 2645 quam
1468 2586 1518 2631 in

149 2661 331 2705 Platone
370 2662 613 2719 agnovinus
649 2674 673 2705 e
708 2649 887 2720 propria
915 2662 1016 2719 -ejus
1052 2656 1395 2719 philosophandi
1431 2677 1520 2707 me-

151 2736 289 2780 thodo
334 2736 642 2795 profluentem,
692 2735 915 2780 dialectica
960 2737 1318 2795 perscrutationis
1359 2738 1436 2782 via
1474 2738 1522 2782 in
