1648 2971
655 179 948 224 ...26-

122 287 331 342 lecticam,
358 294 410 336 ut
436 289 603 335 animus
631 287 689 334 ad
717 287 965 349 colligenda
992 285 1242 333 dialectices
1273 287 1484 334 elementa

122 364 383 409 instituatur.

791 461 811 481 Ο

239 513 468 557 Transitus
497 528 523 557 e
550 505 692 574 prima
720 515 765 557 in
795 511 1029 557 secundam
1053 513 1211 557 seriem
1242 514 1313 558 hic
1344 519 1429 559 est:

237 587 525 647 Quamquam
544 590 689 634 Unum
721 603 801 647 per
831 588 996 648 dialogi
1027 603 1305 648 progressum
1336 605 1390 633 eo
1422 596 1486 633 est

119 662 400 722 perductum,
442 671 490 707 ut
527 679 684 722 purum
718 670 870 722 putum
899 664 976 709 fiat
1012 665 1152 717 Nihil,
1196 678 1367 721 semper
1397 679 1489 706 esse

120 738 234 783 illud
271 738 516 782 dicebatur:
563 743 601 783 εὶ
630 743 676 783 ἕν
705 743 806 782 ἐστι.
867 741 930 783 Ita
959 741 1046 797 jam
1076 739 1131 783 ad
1162 738 1358 782 ultimum
1388 753 1489 796 per-

119 821 314 867 ventum,
343 821 548 857 extremas
578 815 703 871 quasi
733 813 949 872 recolligit
977 817 1106 869 vires,
1136 822 1183 858 ut
1212 815 1325 857 hauc
1356 812 1412 856 de
1441 828 1490 856 se

118 888 410 949 praedicatam
446 891 676 931 essentiam
712 888 916 934 obtineat.
976 888 1115 947 Quod
1143 895 1192 932 ut
1219 903 1355 932 unum
1385 889 1488 941 ἔστι,

122 966 218 1009 eius
247 971 314 1008 est
339 970 511 1016 natura,
549 978 677 1022 quam
716 978 769 1007 eo
799 971 964 1008 tantum
995 966 1158 1016 amisit,
1199 964 1319 1022 quod
1356 978 1489 1022 quum

123 1038 328 1084 omnibus
364 1041 543 1083 omnino
590 1038 848 1083 notionibus
889 1045 931 1082 et
972 1039 1231 1097 praedicatis
1278 1039 1491 1098 spoliare-

121 1123 210 1168 tur,
254 1113 364 1158 illud
400 1127 579 1171 quoque
615 1114 708 1156 ἔστι
742 1127 835 1157 non
873 1120 1044 1171 poterat
1085 1115 1285 1157 retinere.
1357 1113 1490 1157 Nunc

120 1204 229 1234 vero
268 1187 348 1232 uhi
383 1195 449 1232 est
481 1189 527 1231 in
556 1201 634 1239 eo,
674 1193 722 1231 ut
757 1187 889 1245 plane
924 1196 1123 1246 negetur,
1161 1179 1296 1247 seque
1332 1187 1488 1247 ipsum,

120 1271 174 1308 ut,
197 1265 257 1307 ita
286 1263 438 1316 dicam,
468 1264 647 1306 amittat:
677 1268 802 1305 antea
834 1262 888 1305 de
921 1277 969 1306 se
998 1270 1142 1307 tamen
1166 1262 1331 1321 aliquid
1355 1264 1489 1306 fuisse

118 1338 416 1398 praedicatum
453 1336 714 1390 recordans,
751 1351 926 1393 esseque
964 1353 1011 1381 se
1050 1340 1184 1382 fuisse
1222 1353 1489 1391 concessum,

120 1414 209 1457 hoc
242 1414 382 1471 ipsum
420 1412 634 1471 explicare
671 1411 833 1464 studet,
875 1413 903 1455 i.
936 1426 973 1457 e.
1005 1412 1315 1465 differentiam,
1359 1427 1489 1471 quam

118 1488 249 1533 habet
285 1490 333 1532 in
369 1503 436 1538 se,
475 1489 624 1531 Unum
662 1493 704 1530 et
737 1487 990 1531 Essentiam.
1051 1488 1190 1532 Cuius
1221 1488 1489 1531 differentiae

120 1563 408 1624 exponendae
437 1562 725 1614 altior-causa
757 1577 807 1606 ea
838 1570 917 1614 est,
949 1563 1069 1622 quod
1099 1565 1227 1607 Niln'l
1252 1566 1392 1622 ipsum
1424 1571 1489 1608 est

118 1642 281 1698 positio
311 1639 681 1695 differentiamque
709 1637 911 1690 involvit;
946 1638 1055 1682 haec
1084 1646 1227 1683 tamen
1258 1654 1386 1682 causa
1416 1639 1488 1682 Mc

121 1714 303 1775 quidem
333 1719 445 1757 tecta
473 1712 592 1765 latet,
625 1714 670 1756 in
700 1712 862 1772 dialogi
901 1713 1089 1759 decursu
1117 1714 1289 1758 tandem
1321 1717 1488 1774 appari-

118 1800 231 1835 tura.
289 1791 372 1833 Hic
400 1787 657 1845 hypothesis
685 1794 847 1832 tantum
883 1792 1111 1842 retinetur,
1153 1793 1239 1846 jam
1270 1792 1354 1846 jam
1386 1789 1488 1831 sub-

116 1866 203 1911 lata
238 1879 382 1923 neque
418 1862 602 1921 amplius
637 1862 782 1906 locum
818 1862 998 1907 habens.
1050 1865 1263 1917 ,Externa
1300 1864 1486 1922 quadam

118 1944 307 1986 ratione:
338 1943 496 1983 iterum
527 1938 849 1997 percurrendae
878 1940 1007 1982 seriei
1037 1939 1276 1997 periculum
1306 1939 1370 1990 fit,
1408 1940 1484 1997 hy-

116 2019 287 2077 pothesi
321 2018 573 2058 accuratius
607 2014 856 2072 observata,
878 2030 1006 2073 2quae
1043 2016 1292 2074 imperfecte
1321 2023 1484 2060 tantum

117 2100 245 2138 antea
270 2097 467 2143 tractata,
508 2092 655 2134 Unum
684 2092 730 2134 in
760 2091 887 2133 Nihil
915 2098 961 2134 ut
996 2089 1135 2136 abiret
1166 2091 1322 2135 effecit.

236 2316 291 2358 B.
327 2315 378 2357 In
407 2314 520 2357 serie
549 2310 742 2355 secunda
770 2326 882 2370 quae
911 2312 1136 2371 plurimam
1167 2328 1262 2357 cum
1294 2313 1481 2357 difficul-

117 2398 255 2437 tatem
282 2395 374 2433 tum
405 2389 750 2432 exercitationem
778 2388 975 2445 praebet,
1016 2390 1194 2434 offertur
1223 2392 1368 2434 Unum
1399 2388 1481 2432 sub

118 2469 260 2513 forma
299 2463 523 2509 relationis
572 2466 663 2507 sive
706 2466 910 2508 transitus
948 2465 1159 2522 positum3
1206 2478 1394 2524 quocum
1434 2463 1480 2507 id

116 2544 364 2590 necessario
401 2541 695 2598 conjungitur,
740 2541 859 2596 quod
896 2540 1022 2584 Plato
1058 2538 1109 2585 τὸ
1145 2544 1299 2599 τρίτον
1334 2540 1481 2599 appel-

115 2619 197 2673 lat,
226 2618 355 2664 seriei
384 2616 593 2661 decursae
622 2615 874 2661 coronidem
904 2618 1150 2675 imponens,
1187 2616 1480 2675 transitusque

116 2697 256 2754 ipsius
284 2702 482 2739 naturam
509 2698 796 2751 perscrutans.
