1648 2971
681 173 977 220 ...ΒΛ-.-

138 298 246 347 nare
266 298 369 334 >non
394 284 528 340 valet;
563 289 654 336 tum
685 284 810 345 quod
834 285 990 333 Unitas
1016 283 1157 332 forma
1185 285 1380 333 omnium
1408 300 1510 348 spe-

137 363 303 425 cierum
334 370 411 409 est.

231 491 233 494 v
256 439 354 484 Etsi
381 437 484 482 huic
511 439 766 498 progressui
783 435 1099 496 sophismata*)
1129 438 1273 483 inesse
1289 436 1514 491 videntur-3

140 519 283 559 tamen
310 512 399 558 hoc
426 514 579 559 vitium
605 513 744 561 hocce
770 511 906 558 modo
928 513 1169 558 accuratius
1197 519 1514 572 perscrutatum

140 587 326 637 tollitur.

232 694 238 701 -
259 663 412 724 ¹Quum
440 665 533 709 Uni
560 662 768 725 quodque
791 661 1092 722 praedicatum
1119 677 1200 723 per
1229 676 1279 707 se
1304 661 1515 707 attribua-

140 744 214 801 tur
233 752 338 802 gnon
368 739 498 785 simul
534 740 673 785 altero
703 754 803 784 cum
830 738 1098 799 praedicato,
1128 753 1316 799 quocum
1343 754 1424 798 par
1452 738 1515 783 ef-

141 813 249 868 ficit,
277 829 462 874 prorsus
492 816 792 874 conjunctum,
831 813 912 859 sed
940 816 1000 859 ita
1037 821 1087 860 ut
1123 810 1317 859 realitate
1351 820 1516 867 careat3

141 887 254 934 illud
287 890 586 951 praedicatum
623 892 666 935 ei
700 889 943 935 secundum
985 897 1183 934 naturam
1221 904 1343 934 suam
1385 904 1516 934 unam

141 969 309 1008 tantum
337 972 507 1025 partem
535 972 800 1025 spectantem
838 972 882 1009 et
919 963 1165 1009 secundum
1196 971 1358 1008 arctum
1389 979 1516 1009 suum

143 1037 372 1094 ambitum,
401 1055 494 1085 non
523 1056 629 1085 vere
658 1042 915 1098 impertitur.
976 1038 1289 1098 Quodcunque
1317 1056 1396 1099 par
1424 1055 1518 1085 non

140 1126 223 1172 per
251 1127 301 1158 se
329 1114 475 1173 ipsum
506 1114 620 1158 intra
651 1127 699 1157 se
727 1114 774 1160 in
804 1127 853 1157 se
883 1114 1026 1172 ipsum
1057 1115 1227 1173 transit,
1257 1116 1315 1159 ita
1345 1122 1393 1160 ut
1419 1117 1516 1160 uni-

142 1193 275 1233 tatem
311 1189 475 1233 efficiat
510 1190 735 1247 propriam
770 1190 932 1233 rationi
961 1188 1160 1234 binarum
1191 1191 1285 1233 eius
1315 1178 1516 1248 partium:

144 1262 225 1306 sed
249 1265 299 1307 in
322 1264 483 1319 Unum,
510 1266 685 1323 quippe,
701 1266 748 1308 in
778 1265 968 1323 speciem
996 1265 1175 1308 unitatis
1208 1266 1518 1326 cuiuscunque,

142 1344 350 1396 tanquam
377 1340 425 1383 in
455 1347 650 1384 centrum
679 1355 806 1384 suum
836 1355 888 1384 ac
916 1340 1057 1394 basin,
1087 1355 1286 1399 quaeque
1311 1359 1426 1403 pars,
1457 1343 1520 1388 al-

145 1417 240 1458 tera
270 1416 441 1469 omissa,
471 1430 524 1459 ex
553 1427 602 1459 se
630 1430 863 1475 progressa
893 1413 1159 1459 dissolvitur.

261 1489 323 1532 At
350 1490 535 1548 singulis
560 1492 833 1550 praedicatis
862 1491 972 1535 nihil
1002 1491 1248 1548 derogatur.
1306 1490 1372 1533 Ita
1400 1503 1519 1534 com-

146 1570 299 1623 parata
328 1572 441 1619 sunt,
471 1573 519 1610 ut
550 1566 851 1624 dissolvantur
874 1569 920 1611 in
950 1568 1168 1610 unitatem.
1227 1566 1267 1609 E
1298 1566 1519 1609 contrario

147 1655 221 1693 ea,
251 1644 340 1698 qua
369 1643 455 1687 sint
484 1642 689 1697 discreta,
727 1642 869 1687 adhuc
903 1643 1030 1687 nimis
1068 1640 1241 1699 stabilia
1279 1656 1374 1685 esse
1403 1640 1521 1685 dixe-

146 1715 298 1773 rimus.
1142 1772 1146 1775 Β

269 1791 449 1837 Coeunt
486 1793 663 1852 quidem
702 1808 754 1838 ex
792 1809 965 1853 quaque
994 1799 1117 1853 parte
1147 1793 1193 1835 in
1222 1793 1384 1844 Unum,
1414 1796 1521 1834 atta-

149 1881 251 1912 men
287 1882 380 1912 non
419 1868 505 1912 hoc
541 1871 776 1927 praecipue
815 1875 1052 1928 spectatur,
1094 1866 1215 1925 quod
1244 1867 1325 1909 hac
1354 1881 1402 1910 re
1430 1881 1522 1911 non

149 1942 335 2001 amplius
364 1945 411 1987 in
441 1944 594 1989 eadem
623 1945 748 1988 firma
763 1945 1042 2003 oppositione
1071 1948 1244 1986 manent
1272 1956 1357 2000 qua
1385 1948 1521 1995 antea,

149 2016 227 2060 sed
256 2019 303 2060 in
333 2020 521 2076 speciem
551 2027 738 2072 tantum;
767 2027 1000 2076 utrumque
1020 2019 1178 2076 potius,
1210 2018 1520 2075 conjunctione

151 2090 369 2149 neglecta,
406 2095 454 2136 in
484 2108 561 2138 sua
590 2102 713 2153 parte
744 2095 957 2147 consistit,
997 2093 1119 2153 quod
1148 2107 1240 2137 non
1268 2108 1347 2151 per
1376 2106 1424 2135 se
1453 2094 1519 2158 in<

245 2322 282 2367 ⁴)
311 2324 366 2360 Ad
389 2326 480 2361 hauc
502 2340 576 2362 rem
599 2329 829 2375 probandam,
852 2327 1037 2377 praecipue
1056 2328 1165 2369 ‚finem
1189 2323 1292 2373 hujus
1315 2324 1414 2361 seriei
1436 2337 1521 2360 con-

150 2387 336 2425 ferendum
360 2391 544 2428 censueris.
603 2392 653 2428 Ut
684 2393 852 2440 probetur
874 2404 985 2427 unum
1009 2400 1085 2425 tum
1108 2388 1187 2434 ipso
1211 2398 1285 2424 tum
1308 2392 1384 2426 τοῖς
1405 2382 1521 2427 ἄλλοις

151 2459 186 2485 et
209 2448 322 2502 majus
352 2462 464 2489 aetate
498 2463 532 2489 et
559 2456 678 2499 minus¹
708 2466 741 2492 et
768 2470 839 2492 esse
864 2466 898 2491 et
928 2453 1002 2490 fieri
1032 2462 1066 2488 et
1088 2466 1160 2488 non
1186 2466 1259 2489 esse
1277 2439 1316 2488 ¹et
1338 2465 1411 2487 non
1436 2450 1523 2493 ficri,

149 2514 316 2551 transitus
345 2516 386 2551 fit
416 2531 456 2552 ex
487 2518 632 2555 notione
663 2511 879 2566 Quantitatiffi
911 2533 950 2554 ex
976 2517 1208 2553 indifferentia
1239 2515 1445 2552 discriminis
1477 2516 1522 2551 ad

151 2578 352 2621 qualitatem
377 2594 425 2616 sc·
447 2582 491 2616 ad
515 2592 650 2617 motum
674 2597 714 2618 ac
735 2583 1039 2631 permutationem.
1083 2581 1132 2617 Ut
1156 2592 1301 2627 utraque
1323 2579 1520 2626 suppositio

152 2641 399 2686 concludendo
414 2644 557 2688 oriatur,
578 2656 652 2683 tum
677 2648 761 2683 haec
784 2657 857 2683 tum
881 2647 941 2683 illa
964 2646 1131 2690 categoria
1155 2644 1300 2681 arbitrio
1324 2644 1519 2680 adhibetur.

148 2715 182 2749 p.
208 2702 286 2740 154.
311 2705 391 2745 155.
