1648 2971
669 169 960 215 -56-

133 281 278 340 γισμῷ
307 276 665 341 ξυναιροῦμενον.
723 279 861 326 τοῦτο
898 281 946 326 δέ
979 283 1097 325 ἐστιν
1125 277 1375 340 ἀνάμὶνησις
1404 286 1500 330 tus&

131 354 284 402 νωνᾶ
322 356 424 402 ποτ’
462 356 575 402 εἶδεν
608 355 735 414 ἡμῶν
770 354 800 411 ἡ
839 353 967 415 ψυχή
996 379 1056 390 -
1091 352 1143 401 τὸ
1183 352 1324 410 ὅντως
1351 356 1413 402 ὅν.
1445 380 1500 397 -ι

132 429 257 493 Πρὸς
286 432 438 490 οἷσπερ
468 433 700 491 (ἐκείνοις)
731 431 756 477 ὁ
786 429 895 485 θεὸς
930 427 993 476 ὤν
1027 430 1156 486 θεῖός
1184 434 1317 478 boz-ff
1341 450 1390 493 p.
1412 434 1501 479 265

130 508 177 554 d.
207 541 217 552 .
249 540 260 551 .
290 540 303 552 .
333 512 394 561 εἰς
421 510 533 565 μίαν
560 523 608 552 τε
634 508 757 554 ἰδέαν
785 508 1041 566 συνορῶντα
1069 508 1194 568 ἄγειν
1219 506 1279 553 τὰ
1298 510 1503 568 πολλαχῆ

126 585 430 640 διεσπαρμένα
451 607 512 618 ——-
532 583 675 642 ὥσπερ
700 584 841 628 τανῦν
865 583 923 638 δὴ
944 587 1040 643 περὶ
1053 583 1255 641 Ἔρωτος,
1284 583 1315 629 ὅ
1344 590 1501 637 ἐστιν,

131 656 361 716 ὁρισθὲν
389 683 450 693 -
485 655 538 703 τὸ
569 658 706 704 πάλιν
732 656 825 703 κατ’
862 656 956 713 εἴδη
988 656 1214 703 δύνασθαι
1244 659 1500 717 διατέμνειν.

129 751 173 795 p.
202 733 305 780 266.
380 768 392 779 .
421 766 434 777 .
462 740 522 787 εἰς
548 733 599 780 ἓν
620 738 706 780 ’καὶ
737 734 814 779 ἐπὶ
834 731 980 779 πολλὰ
1009 732 1240 795 πεφυκότα
1268 734 1424 795 ὁρᾷν.”

245 813 375 870 Quae
409 810 560 869 regula
590 812 837 856 orationum
866 818 991 855 antea
1018 810 1263 856 habitarum
1301 810 1499 871 exemplo

127 885 388 939 illustratur,
433 889 638 946 verisque
673 887 917 932 rhetoricae
954 886 1052 930 fixis
1090 885 1260 945 legibus
1289 887 1501 945 probatur

125 977 171 1021 p.
199 963 301 1016 270,
327 962 438 1014 2713
476 963 622 1006 omnia
652 957 1081 1022 comprehenduntur
1108 979 1155 1021 p.
1183 963 1286 1009 277.

242 1037 512 1096 Explanatur
533 1053 642 1083 vero
666 1040 905 1082 accuratius
929 1053 1073 1097 neque
1100 1040 1209 1096 ipsa,
1235 1052 1381 1097 neque
1404 1054 1501 1098 spe*

125 1113 216 1155 cies
253 1113 346 1155 sive
389 1112 619 1165 monades,
661 1126 807 1155 rerum
849 1112 1038 1166 formae,
1081 1115 1324 1171 categoriae
1366 1130 1500 1174 purae

125 1188 241 1237 illae,
271 1189 531 1232 accuratiori
559 1186 853 1245 subjiciuntur
880 1189 1143 1244 quaestioni,
1167 1203 1315 1233 earum
1345 1197 1388 1234 et
1418 1202 1500 1247 op-

123 1264 360 1322 positionis
392 1270 434 1307 et
463 1264 804 1308 consociationis
833 1264 1019 1307 ratione*

240 1338 378 1396 Quod
402 1340 583 1383 maxime
607 1339 795 1384 efficitur
816 1337 1084 1392 Pax-menide,
1115 1339 1335 1397 Sophista,
1364 1339 1500 1384 Phae·

125 1411 267 1467 done,
295 1413 493 1458 Philebo,

238 1487 369 1533 Ideas
399 1491 444 1533 in
474 1488 609 1533 rebus
638 1490 800 1543 inesse,
835 1495 930 1543 aut,
968 1490 1006 1532 si
1042 1491 1115 1533 cui
1150 1490 1237 1534 hoc
1274 1489 1401 1534 aliter
1429 1504 1500 1534 ex-

122 1566 315 1624 primere
356 1564 543 1624 placeat,
585 1565 779 1609 divinum
821 1572 865 1609 et
902 1578 1053 1609 verum
1098 1566 1144 1608 in
1186 1566 1497 1624 Phaenomenis

125 1655 353 1698 apparere,
395 1642 454 1683 ita
497 1640 674 1699 quidem
708 1648 758 1684 ut
792 1655 897 1684 vere
933 1644 1071 1682 sicet
1099 1645 1241 1697 possit
1278 1646 1498 1698 cognosc&

124 1730 224 1758 cum
273 1714 570 1772 singularibus
614 1715 861 1759 universale
903 1717 1048 1759 nativa
1092 1719 1352 1774 cognatione
1401 1732 1498 1760 esse

121 1792 320 1848 junctum
349 1812 409 1824 —-
438 1790 547 1832 haec
570 1789 740 1833 Platoni
771 1798 988 1842 constant;
1016 1791 1125 1834 haec
1153 1798 1202 1834 ut
1230 1794 1374 1835 omnis
1403 1792 1499 1849 phi-

122 1865 353 1925 losophiae
390 1865 602 1909 elementa
638 1871 757 1918 sunt,
799 1866 861 1908 ita
895 1867 1103 1908 universo
1142 1867 1237 1909 eius
1273 1867 1498 1923 cogitatio-

120 1957 227 1988 num
259 1940 441 1985 ambitui
471 1953 555 2000 pro
587 1939 878 1984 fundamentis
909 1939 1149 1998 subjacent.

237 2017 356 2061 Illud
400 2017 634 2075 piurimum
675 2018 856 2060 interest
897 2017 1067 2073 quaeri:
1118 2031 1203 2072 qno
1250 2017 1374 2058 modo
1420 2017 1499 2061 fiat

123 2093 233 2135 haec
276 2093 543 2149 conjunctio.
600 2090 673 2134 Ad
717 2106 850 2150 quam
894 2092 1197 2150 quaestionem
1242 2090 1496 2134 solvendam

122 2170 305 2212 maxime
348 2166 514 2210 faciunt
542 2164 645 2210 ⁴loci
688 2167 823 2225 Soph.
858 2167 1083 2211 Phaedon.
1120 2166 1287 2211 Phileb.
1331 2165 1496 2226 duplici

123 2245 296 2287 ratione
326 2257 418 2286 eam
447 2247 702 2293 tractante8‚
744 2249 786 2286 et
822 2241 1017 2287 idearum
1053 2257 1201 2287 secum
1237 2242 1424 2286 invicem
1453 2249 1496 2287 et

123 2334 222 2362 cum
251 2317 386 2361 rebus
418 2318 785 2374 conjunctionem.

242 2393 520 2452 Quacunque
549 2408 601 2436 ea
629 2393 770 2437 forma
795 2393 1049 2452 concipitur,
1080 2392 1172 2436 sive
1197 2394 1386 2451 mythica
1412 2392 1494 2437 τοῦ

121 2470 362 2526 δαιμονίου
377 2469 444 2523 *),
491 2469 586 2513 sive
622 2468 707 2515 suh
743 2472 924 2515 notione
968 2467 1056 2514 τῶν
1093 2465 1272 2514 ὁπόσων
1286 2467 1360 2524 ’‘*)‚
1404 2466 1492 2512 τῶν

216 2641 256 2686 ³⁴⁸)
280 2639 430 2677 Conviv.
454 2641 537 2679 202.
562 2642 601 2677 d.

202 2707 261 2755 *ἢ
285 2708 424 2747 Phileb.
447 2710 495 2746 16
504 2712 539 2749 d.
563 2709 609 2751 17
621 2725 651 2747 a·
675 2711 721 2747 27
737 2713 775 2748 b.
