1648 2971
672 157 964 201 ...54-

136 272 271 311 unum
300 265 428 327 quasi
457 266 674 313 coalescat
703 282 802 313 cum
833 268 1084 329 cognitione
1111 267 1158 312 in
1186 266 1278 312 fine
1305 271 1405 315 viae
1431 285 1501 315 re-

133 350 257 402 perta
285 358 466 390 necesse
502 351 587 398 est,
629 344 890 405 eademque,
938 344 1284 402 quae-alterius,
1329 353 1502 404 oportet

134 418 315 466 alterius
343 420 400 464 sit
429 425 472 465 et
500 422 765 481 praestantia
795 428 837 466 et
865 418 1075 465 deiectus.

248 495 494 555 Utrumque
532 510 641 541 vero
681 503 725 542 et
758 497 882 539 vivae
918 496 1194 557 vigentisque
1229 496 1501 556 cogitationis

130 585 211 629 per
246 585 296 615 se
331 573 479 615 innata
515 573 679 630 cupido
717 578 759 615 et
786 573 834 616 in
863 572 959 617 aliis
989 574 1296 631 cogitationum
1326 575 1503 630 gignen-

130 645 287 691 darum
309 646 512 701 studium,
541 647 643 693 inde
673 653 716 692 et
736 647 1130 708 contemplandum
1159 654 1202 693 et
1232 662 1499 707 cognoscen-

130 722 236 767 dum
259 725 356 776 erit,
383 723 506 781 quod
526 723 777 769 Platonicae
805 724 1111 783 philosophiae
1140 732 1293 769 natura
1323 731 1366 768 et
1397 738 1501 767 vera

129 801 255 844 notio
285 804 350 843 est
380 799 540 854 ethica,
569 799 774 859 apudque
805 815 903 845 eum
931 800 1255 859 pulcritudinis,
1286 800 1396 853 veri,
1427 814 1502 844 co·

129 875 336 932 gnitionis
365 873 492 918 ideae
521 889 609 918 una
638 891 891 935 summaque
919 875 1030 920 honi
1058 877 1241 920 notione
1264 875 1391 933 quasi
1408 875 1501 916 vin-

129 949 233 996 culo
263 950 704 1008 comprehenduntur.
771 952 885 996 Huic
920 958 968 996 ut
1004 951 1235 996 inferiores
1264 956 1368 995 sunt
1397 947 1506 994 suh--

127 1026 270 1083 jectae
284 1025 358 1079 *).*

245 1099 542 1158 Quaestiones
583 1099 640 1145 de
667 1099 791 1145 bono
822 1108 864 1145 et
894 1101 950 1145 de
982 1102 1232 1159 cognitione
1264 1108 1351 1146 tam
1380 1106 1499 1145 arcto

125 1175 308 1219 vinculo
338 1177 596 1232 conjunctae
626 1183 727 1219 sunt
754 1176 937 1228 Platoni,
967 1183 1014 1219 ut
1033 1175 1158 1219 nullo
1181 1175 1318 1219 modo
1349 1175 1500 1220 divelli

125 1257 302 1309 queant.
344 1250 476 1295 Prior
503 1251 560 1295 ad
583 1267 710 1296 suum
733 1251 876 1305 finem,
900 1253 978 1311 qui
995 1258 1061 1296 est
1075 1249 1339 1310 respublica,
1363 1249 1499 1294 addu-

124 1327 237 1385 citur
264 1326 311 1370 in
340 1324 719 1385 disquisitionibus
749 1327 806 1372 de
833 1329 993 1372 virtute
1022 1327 1246 1380 docenda,
1289 1325 1424 1371 altera
1452 1326 1500 1369 in

125 1401 508 1460 disquisitionibus
538 1403 595 1448 de
622 1403 754 1457 ideis,
785 1419 1019 1462 earumque
1049 1419 1148 1447 cum
1176 1401 1310 1447 rebus
1341 1415 1499 1447 conso-

121 1478 329 1522 ciatione.

239 1554 293 1597 In
321 1553 570 1597 memoriam
600 1556 814 1599 revocatis
844 1556 909 1607 iis,
939 1568 1054 1611 quae
1083 1555 1208 1597 antea
1237 1552 1293 1596 de
1321 1550 1499 1609 indaga-

124 1629 247 1673 tione
270 1627 446 1672 Platoni
483 1631 665 1689 propria
700 1629 997 1689 peculiarique
1027 1627 1362 1689 disputavimus:
1398 1626 1497 1671 Pla-

124 1706 299 1750 tonicae
334 1704 642 1764 philosophiae
679 1713 979 1766 argumentum
1021 1720 1119 1750 esse
1156 1706 1420 1764 cognitionis
1448 1706 1495 1749 in

124 1782 376 1826 universum
406 1788 623 1836 naturam,
646 1784 829 1828 virtutis
858 1782 994 1829 modo
1030 1780 1258 1841 graduque
1292 1795 1318 1824 e
1347 1781 1496 1837 cogni-

215 1990 257 2038 Ὀ
288 1991 345 2028 De
367 2004 440 2039 rep·
464 1990 522 2028 vl.
547 1988 628 2027 508.
652 1988 687 2026 9.
718 1989 822 2026 τοῦτο
851 1993 969 2027 τοίνυν
998 1985 1038 2024 τὸ
1061 1985 1125 2035 τὴν
1148 1982 1323 2034 ἀλήθειαν
1345 1987 1495 2033 παρέχον

123 2058 199 2093 τοῖς
225 2056 507 2100 γιγνωσκομένοις
537 2054 594 2088 καὶ
622 2051 670 2098 τῷ
697 2051 918 2098 γιγνώσκοντι
947 2050 1010 2100 τήν
1040 2050 1186 2099 δύναμιν
1216 2046 1387 2087 ἇποδιδόν
1416 2063 1436 2083 τ
1444 2045 1467 2093 ἡ
1476 2062 1493 2082 ν

123 2128 143 2150 τ
151 2129 171 2150 ο
179 2116 204 2151 ἶ
218 2157 220 2160 ,
237 2112 291 2162 ἐγ
299 2120 362 2151 αθ
370 2129 389 2151 ο
397 2115 420 2151 ῦ
451 2116 550 2151 ἰδέα
559 2129 577 2149 ν
608 2118 704 2163 ‹pa-92
732 2117 840 2162 εἶναι,
872 2113 988 2152 datar
1018 2111 1055 2152 δ’
1080 2113 1270 2162 ἐπιστήμης
1299 2107 1405 2147 οὖσαν
1435 2112 1493 2146 καὶ

124 2174 296 2224 ἆληθείας
319 2174 365 2220 ὥς
387 2181 658 2225 γιγνωσκομένης
681 2180 744 2224 μὲν
767 2176 826 2215 διὰ
848 2179 931 2221 νοῦ,
968 2175 1058 2214 οὕτω
1089 2179 1125 2214 δὲ
1156 2176 1266 2213 καλῶν
1290 2170 1492 2222 ἇμφοτέρων

124 2237 252 2286 ὄντων,
274 2240 429 2287 γνώσεώς
451 2255 488 2277 τε
511 2242 569 2277 καὶ
592 2235 774 2286 ἄληθείας,
799 2238 880 2277 ἄλλ
891 2255 910 2277 ο
934 2243 1009 2278 καὶ
1031 2240 1213 2277 κάλλιον
1237 2241 1303 2275 ἔτι
1323 2236 1492 2274 τούτων

121 2301 145 2351 ἦ
154 2318 235 2350 sou
240 2318 372 2353 μενος
394 2301 481 2340 αῧτὸ
510 2300 630 2353 ορθῶς
652 2300 794 2351 ηγήσει·
817 2303 1010 2353 ἐπιστήμην
1033 2307 1070 2341 δὲ
1094 2306 1152 2340 και
1168 2299 1357 2350 ἀλήθειαν,
1380 2296 1492 2347 ὥσπερ

119 2370 188 2405 ἐκεῖ
210 2367 283 2417 φῶς
305 2381 342 2404 τι
365 2370 423 2404 καὶ
447 2364 531 2415 ὄψιν
553 2364 714 2415 »ἡλιοειδῆ
735 2370 796 2415 μὲν
820 2367 972 2417 νομίζειν
995 2363 1089 2417 ορθό
1093 2381 1122 2414 ν,
1146 2363 1245 2414 η’λιον
1269 2367 1306 2403 δὲ
1320 2362 1491 2412 ἡγεῖσθαι

122 2426 183 2466 ov’u
207 2426 326 2480 ορθῶς
350 2433 437 2476 ἔχει,
468 2428 556 2467 οὕτω
581 2432 639 2466 καὶ
662 2432 817 2468 ἐνταῦθα
848 2428 871 2467 ἆ
878 2446 900 2478 γ
910 2447 934 2467 α
942 2435 974 2467 θ-
982 2445 1002 2467 o
1012 2445 1027 2466 ε
1037 2446 1049 2465 ι
1058 2431 1110 2465 δ
1085 2446 1107 2476 η
1136 2434 1199 2478 μὲν
1221 2428 1373 2480 νομίζειν
1395 2422 1488 2462 ταυῖ

121 2490 305 2543 ἀμφότερα
334 2490 470 2544 ὄρθόν,
512 2489 692 2540 ἀγαθόν
728 2495 771 2531 δὲ
807 2493 1030 2543 ἡγεῖσθαι
1071 2491 1289 2543 ὁπότερον
1327 2485 1489 2534 αὐτῶν,

123 2554 199 2594 οιῗκ
225 2554 371 2607 ὀρθόν
395 2554 490 2595 ἄλλ’
523 2560 586 2596 ἔτι
607 2556 821 2606 μειζόνως
844 2561 1060 2607 τιμητέον
1091 2556 1167 2606 τὴν
1200 2556 1279 2593 τοῦ
1310 2550 1491 2600 ἀγαθοῦ

121 2621 163 2660 ’ἐξ
173 2635 185 2655 ι
195 2635 221 2659 ν,
