1648 2971
701 188 993 242 ..³522

106 454 112 464 *
161 413 165 417 ⁴
229 455 332 505 DE.
383 454 819 506 PLATONrcAE
880 422 1330 507 nlALEcrrcEs
1384 459 1461 508 v1
1516 418 1519 420 l

588 537 1108 594 PmLOSOPHICA.

221 683 233 697 “·
276 682 407 741 Quae
435 684 484 727 in
512 683 738 728 Platonica
771 672 1051 743 philosophia
1089 686 1323 744 conspicua
1354 690 1419 728 est
1448 696 1529 738 ars,

158 757 306 803 divina
344 758 422 803 illa
461 759 707 805 dialectices
749 760 837 813 vis,
881 761 1013 804 variis
1051 762 1247 806 omnium
1284 767 1530 819 temporum

159 834 410 895 praeconiis
445 834 680 889 celebrata,
727 849 779 879 ea
816 834 1001 879 -multum
1047 848 1153 880 sane
1191 835 1339 881 dissert
1381 835 1436 879 ab
1478 846 1531 879 ea

158 909 403 963 dialectice,
451 925 565 969 quac
604 918 671 955 est
706 916 882 956 nostrae
918 912 1175 956 recentioris
1212 911 1528 971 philosophiae.

158 985 302 1043 Cujus
334 985 595 1030 discriminis
627 986 856 1045 explicatio
886 986 952 1039 id,
997 987 1119 1043 quod
1150 989 1276 1044 quasi
1303 989 1530 1043 utriusque

155 1061 288 1105 vitam
319 1068 361 1104 et
390 1075 538 1104 veram
567 1063 654 1105 vim
687 1063 894 1113 continet,
925 1060 1241 1106 demonstrabit
1270 1076 1407 1120 eaque
1435 1060 1530 1104 sola

156 1135 336 1188 efficiet,
379 1140 426 1178 ut
464 1135 587 1193 quod
624 1136 672 1178 in
706 1142 908 1194 utraque·
928 1135 1069 1179 videri
1101 1139 1246 1194 ‘possit
1282 1137 1528 1191 obscurum,

155 1211 419 1272 perducatur
449 1208 506 1252 ad
536 1208 751 1267 liquidum
782 1210 985 1269 claraque
1015 1218 1204 1269 ponatur
1231 1213 1277 1255 in
1306 1212 1418 1257 luce.

274 1285 462 1329 Videtur
497 1285 700 1327 nimirum
737 1285 934 1328 Platonis
975 1299 1026 1329 ea
1065 1299 1163 1329 esse
1198 1301 1301 1330 vera
1337 1288 1448 1330 ratio
1488 1293 1530 1330 et

154 1369 330 1413 natura,
372 1366 420 1403 ut
463 1358 659 1402 idearum
696 1361 864 1404 interna
906 1362 993 1404 vita
1033 1362 1078 1404 in
1122 1361 1340 1419 cogitandi
1375 1363 1531 1419 vigore

154 1438 404 1493 formatque,
453 1435 578 1490 quasi
622 1434 803 1492 speculo
846 1436 1181 1493 repercutiatur,
1231 1435 1432 1493 idemque
1475 1437 1531 1479 sit

154 1523 384 1569 germanus
416 1515 458 1552 et
487 1508 776 1567 philosophus
807 1516 849 1554 et
875 1509 1206 1568 philosophicus
1235 1510 1396 1554 artifex.
1445 1510 1529 1554 So-

153 1587 282 1630 cratis
320 1584 521 1629 familiari
560 1586 660 1628 usui
696 1592 896 1630 assuetus
943 1584 1000 1629 ab
1045 1599 1187 1643 eoque
1229 1585 1528 1639 inflammatus,

153 1664 230 1721 qui
265 1663 379 1704 inter
413 1660 610 1704 homines
647 1662 812 1718 primus
850 1662 992 1703 vivam
1029 1662 1352 1718 spirantemque
1388 1662 1530 1719 philo-

152 1736 337 1794 sophiae
374 1736 600 1792 imaginem
638 1737 992 1793 repraesentavit,
1029 1735 1240 1793 colloquii
1266 1738 1353 1779 vim
1389 1736 1528 1780 inelu-

153 1811 354 1855 ctabilem
393 1818 614 1868 expertus:
652 1810 762 1852 hanc
801 1825 932 1853 unam
969 1824 1066 1854 esse
1097 1810 1332 1869 perfectam
1361 1825 1529 1853 veram-

155 1902 242 1946 que
272 1888 484 1929 rationem
514 1886 706 1928 veritatis
737 1883 1007 1941 indagandae
1037 1892 1330 1942 perspexerat,
1367 1886 1528 1943 cogita-

152 1964 408 2020 tionumque
427 1959 683 2004 volubilitas
715 1958 944 2017 alacerque
973 1961 1099 2018 vigor
1127 1959 1252 2004 nullo
1284 1958 1416 2003 modo
1447 1975 1527 2018 po-

153 2045 263 2080 terat
294 2035 410 2094 apud
443 2052 540 2079 eum
571 2036 755 2079 formam
785 2034 870 2078 sibi
901 2049 1135 2092 congruam
1161 2036 1366 2088 nancisci,
1398 2049 1526 2093 quam

151 2127 304 2170 quum,
345 2114 655 2167 cogitationum
693 2112 740 2154 in
771 2110 866 2154 aliis
905 2125 1083 2169 quoque
1120 2112 1319 2167 genitrix,
1355 2111 1450 2168 ipsa
1479 2111 1526 2154 in

149 2190 372 2231 veritatem
403 2187 622 2243 vitamque
652 2187 925 2228 animaretur.

269 2263 318 2304 ln
357 2276 446 2319 quo
487 2261 577 2304 duo
613 2267 715 2304 sunt
754 2258 1059 2304 discernenda:
1096 2275 1166 2303 res
1205 2273 1284 2302 seu
1312 2258 1433 2313 finis,
1468 2258 1525 2303 ad

149 2352 281 2397 quem
331 2338 386 2380 sit
429 2335 794 2394 perveniendum,
842 2337 1262 2390 instrumentumque
1305 2336 1397 2378 sive
1439 2336 1523 2387 via,

149 2427 237 2470 qua
270 2414 325 2455 sit
356 2410 413 2454 ad
443 2410 564 2453 illum
596 2409 947 2467 perveniendum.
993 2408 1189 2451 Alterum
1220 2415 1283 2452 est
1312 2410 1524 2466 cognitio-

146 2491 234 2541 nis,
269 2487 452 2530 alterum
485 2484 789 2542 indagationis,

266 2564 358 2620 Qui
396 2565 525 2620 igitur
563 2562 804 2604 accuratius
843 2560 968 2604 novit
1005 2556 1246 2612 Platonem,
1290 2559 1361 2602 cui
1395 2560 1524 2603 nimi-

145 2654 241 2684 rum
274 2639 417 2683 omnia
455 2644 629 2681 terrena
657 2651 748 2679 non
778 2634 1008 2680 videantur
1043 2636 1274 2693 pervenire
1303 2648 1435 2693 posse
1465 2633 1521 2678 ad

146 2731 278 2760 verae
309 2728 533 2773 puraeque
563 2711 873 2769 intelligentiae
902 2712 1248 2768 possessionem:
1280 2711 1356 2766 qui
1383 2723 1520 2767 porro
