1648 2971
694 200 983 244 -46-

326 429 417 479 DE
450 426 1036 481 CONSTRUCTIONE
1073 410 1361 482 NUMERI.

564 518 572 529 ’
658 547 759 606 pag.
791 546 890 592 143.
920 546 1020 591 144.
1374 519 1377 521 ’

270 684 477 741 ,,Οὐκοῦν
514 690 551 731 εὶ
589 690 734 744 ἕτερον
763 687 843 744 μὲν
871 683 901 741 ἡ
942 685 1094 738 οὐσία,
1130 689 1277 743 ἕτερον
1306 686 1353 730 δὲ
1382 681 1433 730 τὸ
1465 688 1524 739 ἓν,

156 764 255 809 οὔτε
294 763 361 820 τῷ
391 765 438 807 ἓν
468 763 582 806 εἶναι
610 760 662 806 τὸ
694 763 740 806 ἓν
768 762 848 816 τῆς
877 761 1030 815 οὐσίας
1059 767 1206 820 ἕτερον
1236 761 1336 806 οὔτε
1365 761 1428 818 τῷ
1457 760 1525 806 οὐ-

152 840 230 882 σία
259 834 374 882 εἶναι
405 837 432 891 ἡ
465 836 594 882 οὐσία
623 829 703 881 toi?
731 833 831 890 ἑνὸς
862 835 984 888 ἄλλο,
1014 834 1154 880 ἀλλὰ
1183 836 1255 894 τῷ
1285 840 1441 897 ἑτέρῳ
1471 853 1526 881 τε

153 915 241 955 καὶ
271 908 411 968 ἄλλῳ
442 917 597 969 ἕτερα
628 910 908 965 ἀλλήλων.”

266 989 331 1033 Ut
366 988 434 1032 bis
472 987 612 1032 tribus
659 986 1009 1033 distinctionibus
1048 1002 1107 1031 sc.
1144 986 1270 1041 Uno,
1311 986 1526 1039 Essentia,

154 1065 363 1114 Diverso,
399 1063 477 1105 ubi
507 1065 675 1106 scilicet
710 1070 775 1105 ter
805 1078 877 1105 eas
909 1063 1230 1122 complecteris,
1270 1061 1359 1105 dici
1387 1063 1526 1119 possit

151 1137 346 1191 ;‚a1nbo’'
386 1142 548 1179 natura
585 1138 765 1178 Diuersa·
800 1134 999 1179 efficitur.
1063 1138 1177 1180 Tum
1216 1138 1274 1180 ita
1310 1137 1524 1195 pergitur:

151 1215 241 1255 Pro
270 1211 493 1254 vocabulo
523 1210 699 1264 „ambo”
730 1210 817 1254 diei
846 1218 990 1267 potest
1019 1210 1131 1261 duo;
1160 1213 1254 1267 ejus
1273 1210 1526 1266 vero-quod

151 1287 241 1331 duo
281 1292 391 1339 erat,
432 1292 665 1343 utrumque
702 1301 781 1345 per
816 1301 863 1330 se
900 1287 1048 1329 Unum
1086 1290 1175 1329 εει·
1230 1285 1329 1331 Hoc
1366 1286 1525 1344 cuique

149 1363 322 1405 illarum
352 1362 712 1418 conjunctionum
743 1361 990 1419 appositum
1020 1362 1100 1404 tria
1127 1359 1278 1411 efficit;
1307 1367 1397 1403 tum
1417 1375 1525 1405 vero

151 1437 462 1495 conjunctione
493 1439 643 1481 iterata
674 1437 861 1493 quisque
891 1450 1095 1480 numerus
1126 1435 1325 1479 efficitur.

264 1513 330 1557 Ita
372 1511 498 1556 Plato
546 1527 569 1555 e
618 1518 772 1556 natura
817 1510 899 1554 τοῦ
951 1513 1099 1568 ἑτέρου
1145 1524 1374 1555 numerum
1420 1527 1523 1556 con-

148 1590 286 1632 struit.
361 1586 441 1631 llle
484 1602 591 1632 vero
638 1588 812 1630 minime
857 1601 882 1629 e
930 1593 1083 1630 natura
1129 1588 1272 1633 Unius
1320 1585 1522 1631 abstracti

148 1665 270 1709 nasci
300 1669 464 1721 potest,
493 1661 574 1707 sed
604 1668 767 1705 tantum
797 1674 849 1706 ea
877 1675 946 1716 re,
983 1660 1106 1719 quod
1139 1661 1284 1705 Unum
1315 1661 1521 1706 differen-

147 1742 248 1782 tiam
278 1737 424 1781 habet.

263 1817 315 1856 Εἰ
358 1811 449 1871 ἄρα
494 1813 615 1856 ἔστιν
657 1813 733 1862 ἓν,
792 1810 964 1871 ἀνάγκη
1009 1814 1084 1857 καὶ
1128 1811 1334 1869 ἀριθμὸν
1382 1810 1519 1864 εἷναι,-

147 1889 334 1947 (Ρ.144)
363 1887 479 1931 idem
508 1888 636 1941 valet,
666 1903 716 1930 ac
747 1890 784 1931 si
814 1889 955 1931 dicas:
987 1890 1024 1930 si
1054 1888 1145 1931 duo
1176 1894 1288 1941 sunt,
1315 1901 1520 1932 numerus

147 1972 223 2009 est.
250 1984 252 1986 ·
284 1953 396 2007 Nam
435 1964 581 2007 Unum
622 1969 664 2006 et
698 1962 779 2007 Est
818 1962 909 2009 duo
943 1965 1057 2007 inter
1093 1977 1140 2007 se
1171 1970 1290 2016 sunt,
1320 1978 1441 2023 ergo:
1482 1966 1520 2008 si

154 2042 298 2082 Una-m
314 2045 389 2089 est,
416 2038 507 2083 duo
533 2046 634 2082 sunt
653 2046 783 2096 atque
802 2038 905 2083 ideo
936 2041 1062 2083 etiam
1090 2035 1314 2083 numerus:
1343 2039 1520 2098 Quodsi

147 2129 256 2161 vero
286 2114 378 2159 duo
410 2122 522 2167 sunt,
551 2122 652 2159 sunt
680 2121 843 2159 tantum
873 2115 1121 2159 discrimine
1151 2130 1175 2159 a
1198 2129 1246 2158 se
1263 2117 1382 2174 ipsis,
1411 2115 1519 2160 alio-

146 2194 252 2248 quin
284 2191 397 2234 enim
427 2191 575 2233 Unum
606 2196 769 2232 tantum
800 2198 955 2235 essent.
1020 2190 1140 2248 Ergo
1159 2188 1400 2235 ‘discrimen
1430 2198 1516 2236 ter-

145 2268 252 2308 tium
290 2273 376 2319 est,
415 2281 501 2309 una
538 2280 636 2308 cum
676 2264 889 2310 ambobus
926 2266 1160 2317 exsistens,
1192 2266 1292 2322 'quo
1329 2266 1515 2311 efficitur

145 2349 192 2384 ut
230 2340 360 2385 ambo
404 2348 567 2386 tantum
607 2347 810 2398 tanquam
851 2340 942 2385 duo
986 2342 1084 2384 sint.
1169 2340 1216 2385 Si
1261 2342 1403 2384 Unum
1439 2349 1514 2397 est,

144 2418 291 2462 omnia
322 2423 436 2459 sunt.

261 2494 502 2552 Praecipue
532 2491 956 2539 animadvertendum
986 2490 1175 2548 videtur,
1217 2509 1267 2538 ex
1303 2495 1398 2553 ipsa
1432 2510 1512 2540 sua

142 2578 295 2614 natura
329 2571 582 2627 qualitativa
619 2572 697 2615 has
740 2570 1036 2615 distinctiones
1072 2571 1370 2615 indifferentes
1399 2573 1511 2617 inter

143 2660 190 2689 se
221 2653 263 2690 et
292 2647 419 2704 quasi
451 2651 646 2690 externas
675 2647 703 2691 i.
729 2661 766 2691 e.
796 2645 1087 2692 numerabiles
1117 2646 1254 2692 reddi.
1311 2646 1510 2693 Eandem

141 2722 279 2779 ipsam
317 2721 376 2764 ob
415 2737 609 2776 causam,
652 2722 774 2781 quod
817 2724 898 2766 hae
936 2731 1023 2767 tres
1061 2723 1357 2768 distinctiones
1396 2730 1508 2777 sunt,
