1648 2971
676 197 728 225 .;-.
789 178 849 236 33
907 215 964 226 -.

246 299 317 345 De
357 300 759 348 dialectico'seriei
805 300 1021 350 secundae
1063 315 1306 364 progressu
1340 304 1497 353 haecce

130 373 219 418 fere
254 377 445 422 notanda
479 386 592 423 sunt.
667 380 931 437 Progressus
967 383 1122 425 iterum
1159 381 1301 426 oritur
1340 395 1366 425 a
1399 381 1504 428 toto

128 456 171 494 et
203 452 401 510 partibus
438 462 481 500 et
497 455 706 501 decurrit
740 470 821 515 per
856 454 1017 543 eadem
1033 456 1284 540 praedicata
1313 472 1367 502 ac
1385 472 1497 555 pro-

127 540 301 584 gressus
331 530 499 587 primae
524 532 666 576 seriei.

242 603 350 649 Noli
378 607 597 667 negligere
626 623 716 653 rem
742 609 913 652 maximi
934 609 1161 660 momenti;
1189 610 1389 654 nimirum
1407 592 1501 655 Uni⁴

126 691 296 738 semper
323 682 412 726 duo
442 683 596 729 horum
626 682 985 743 praedicatorum,
1010 697 1185 742 semper
1200 669 1495 742 praedicatum

125 753 292 799 finitum
337 773 435 801 011111
479 762 698 805 contrario
742 759 929 805 attribui.
1017 760 1117 803 Hoc
1152 759 1289 805 modo
1318 759 1495 824 11111111111

124 830 416 908 praedicatum
448 837 488 880 ei
497 842 715 914 tanquam
746 835 918 879 finitum
945 834 1211 890 attribuitur,
1250 834 1331 881 sed
1358 836 1418 880 ita
1447 833 1498 879 ut

123 906 345 955 sublatum
384 905 431 955 in
474 927 529 957 eo
574 928 654 971 per
696 913 959 957 contrarium
1002 910 1129 957 suum
1164 913 1239 966 sit,
1256 909 1410 970 qu'od
1448 917 1495 956 et

123 985 263 1043 ipsum
294 985 335 1027 ei
357 984 580 1029 convenit.
1495 999 1499 1005 ’

238 1060 387 1103 Unum
423 1068 515 1105 non
552 1057 697 1104 solum
734 1059 914 1105 alterum
951 1058 1111 1104 horum
1149 1059 1339 1106 duorum
1368 1046 1495 1121 prae-

123 1133 384 1190 dicatorum,
431 1149 494 1181 ex.
532 1151 569 1180 0.
614 1135 763 1180 simile<
786 1139 884 1189 etc„
926 1134 1005 1179 sed
1041 1133 1160 1180 idem
1195 1136 1378 1181 alterum
1416 1143 1495 1191 est,

123 1226 183 1257 ex.
216 1229 251 1256 c.
282 1212 503 1256 dissimile:
555 1212 702 1270 Quum
732 1213 789 1255 sit
818 1217 1061 1270 utrumque,
1086 1226 1179 1257 non
1209 1210 1396 1272 amplius
1426 1219 1496 1257 est

120 1290 383 1333 alterutrum.
466 1287 528 1333 Ut
577 1289 726 1333 Unum
769 1278 820 1331 in*
861 1295 1054 1346 utraque·
1088 1287 1228 1334 forma
1274 1296 1493 1349 appareat,

122 1365 431 1415 abstractione,
466 1363 637 1420 judicio
668 1363 725 1406 ad
752 1377 883 1406 unam
910 1366 1075 1407 tantum
1104 1366 1174 1407 rei*
1197 1372 1365 1423 partem
1395 1379 1496 1423 spe-

124 1447 284 1493 ctante,
321 1446 491 1483 tenetur
518 1444 604 1482 tam
635 1439 681 1482 in
712 1437 848 1482 altera
878 1448 1009 1497 quam
1037 1439 1084 1482 in
1112 1426 1267 1493 altera;
1312 1443 1420 1483 cum‘
1440 1440 1497 1484 sit

117 1510 212 1561 'non
242 1516 384 1558 minus
415 1513 548 1558 altera
578 1528 709 1573 quam
739 1512 893 1567 altera,
937 1512 1047 1557 nihil
1084 1512 1268 1573 amplius
1305 1515 1347 1557 ei
1376 1515 1495 1558 attri-

122 1592 200 1636 bui
227 1598 370 1650 potest
397 1592 480 1634 nisi
512 1590 633 1647 quod
662 1605 792 1634 unam
827 1596 990 1634 tantum
1027 1596 1193 1647 partem
1230 1595 1412 1648 spectat,
1450 1593 1495 1634 et

121 1680 378 1728 progressus
410 1665 565 1710 eodem
594 1673 757 1711 tantum
786 1665 933 1718 modo,
962 1666 1045 1710 etsi
1073 1664 1219 1724 placet
1247 1663 1497 1723 sophistice,’

120 1743 368 1803 perficiatur
395 1740 512 1783 licet.
1282 1803 1285 1806 ‚

241 1816 600 1861 Consentaneum
630 1822 714 1870 est,
750 1821 799 1859 ut
832 1829 905 1859 res
936 1814 993 1859 de
1022 1828 1110 1872 qua
1139 1820 1393 1872 quaeratur,
1433 1829 1495 1859 sc.

123 1893 271 1935 Unum
301 1897 455 1934 natura
491 1890 571 1934 sua
603 1892 851 1950 oppositum
882 1892 956 1944 sit,
1000 1892 1103 1935 item
1138 1890 1254 1933 hunc
1288 1890 1495 1948 progres-

125 1983 238 2011 sum-
260 1981 312 2009 ex
354 1964 730 2024 propositionibus
774 1980 959 2026 prorsus
1002 1966 1232 2010 contrariis
1275 1966 1496 2010 contraria

125 2042 400 2089 concludere.

242 2117 464 2162 Turhetur
491 2117 677 2161 fortasse
705 2117 862 2175 aliquis
893 2131 943 2160 ea
972 2130 1046 2170 re,
1080 2114 1205 2174 quod
1241 2114 1343 2160 talia
1371 2129 1498 2174 prae-

129 2194 270 2238 dicata
299 2193 445 2251 qualia
475 2200 575 2237 sunt
604 2199 742 2237 totum
774 2199 816 2236 et
843 2198 1009 2250 partes,
1040 2191 1244 2249 aequale,
1286 2190 1426 2234 simile
1455 2196 1499 2234 et

130 2268 353 2322 dissimile3
384 2276 426 2314 et
456 2270 590 2327 magis
618 2268 730 2314 forte
759 2266 876 2323 ideo,
906 2268 1031 2327 quod
1058 2266 1160 2312 talia
1190 2265 1339 2325 qualia
1354 2268 1498 2310 minus

131 2354 173 2390 et
201 2347 340 2404 majus
371 2351 507 2390 aetate
538 2351 617 2391 etc.
648 2359 746 2389 cum
766 2344 869 2388 Uno
899 2346 1233 2404 conjungantur.
1290 2343 1364 2399 (In
1384 2357 1502 2396 „ma-

130 2425 227 2481 jore
258 2428 301 2468 et
328 2414 691 2466 minore'ae'tate”
718 2420 890 2466 Platoni
918 2423 1041 2467 notio
1072 2419 1279 2480 temporis
1307 2420 1430 2474 inest,
1459 2424 1502 2463 et

131 2500 178 2542 in
217 2505 371 2554 „motu
407 2505 449 2542 et
486 2490 662 2557 quiete”
698 2499 822 2542 notio
854 2500 1016 2558 spatii.)
1081 2496 1332 2541 Praedicata
1368 2495 1500 2552 hujus

133 2575 254 2619 modi
282 2576 407 2620 Plato
438 2575 526 2619 Uni
561 2573 757 2624 attribuit
793 2589 910 2639 cum,
929 2563 1023 2624 eam
1059 2573 1115 2618 ab
1152 2585 1343 2626 causam,
1380 2568 1504 2629 quod

136 2651 232 2708 ejus
268 2659 462 2698 naturam
499 2664 630 2711 quam
667 2652 931 2698 strictissime
970 2651 1199 2711 concipere
1234 2654 1277 2693 et
1304 2646 1506 2716 determi-
