1648 2971
680 200 965 244 -25-

146 313 245 357 illo:
274 310 327 357 τὸ
357 311 441 372 γὰρ
479 313 614 357 πλέον
648 312 744 356 ἐστὶ
768 310 918 369 νόημα
946 313 1184 371 cogitaret:
1201 324 1283 356 nae
1312 313 1406 358 ille·
1421 328 1497 374 pa·

143 405 237 432 rum
253 389 424 433 videtur
438 396 675 447 reputasse,
701 388 770 430 hic
794 388 992 432 omuibus
1019 390 1172 432 ceteris
1204 403 1228 431 e
1246 392 1498 446 quaestione

143 468 324 518 omissiS‚
342 465 514 509 Platoni
534 462 913 509 demonstrandum
929 467 1196 523 propositum
1213 465 1348 508 fuisse
1364 481 1499 523 quan-

143 549 231 584 tum
261 541 438 585 laboret
466 556 516 585 ea
552 539 770 598 cogitandi
807 541 944 590 ratio,
980 555 1106 596 quae
1125 543 1187 583 rei
1215 543 1394 585 veritate
1424 555 1500 584 ne-

142 616 295 673 glecta,
343 616 398 660 ad
431 631 572 660 unam
617 618 709 660 eius
747 615 1016 659 arbitrariam
1054 624 1215 672 partem
1250 624 1413 660 temere
1449 631 1498 660 se

143 693 364 744 convertit,
395 693 439 734 in
471 705 609 748 eaque
639 706 686 733 se
717 691 874 750 defigit.

256 768 345 811 Sed
376 768 451 825 qui
479 767 530 810 fit
558 773 605 810 ut
633 766 798 810 nullum
828 766 1124 825 praedicatum
1156 768 1194 809 ei
1220 765 1499 823 relinquatur,

142 856 272 899 quum
302 849 443 885 tamen
473 841 595 901 quod
613 856 754 901 supra
775 841 972 894 diximus,
1003 856 1153 885 eorum
1183 840 1336 884 orbem
1360 843 1499 884 intra-

142 921 271 970 verit,
308 921 361 961 iis
400 934 447 962 se
475 919 772 976 opponendo?
810 918 947 975 Quod
976 922 1276 960 aeternitatem
1307 917 1498 962 simulat:

140 992 251 1035 hane
287 1000 519 1050 appetens,
562 995 717 1049 majori
754 994 881 1036 etiam
915 995 1065 1049 inopia
1101 996 1334 1051 premitur,
1368 1007 1497 1050 quam

140 1070 280 1126 ipsum
317 1068 499 1110 finitum.
560 1067 876 1125 Quodcunque·
903 1067 1073 1111 finitum
1111 1070 1156 1111 iu
1186 1068 1397 1111 relatione
1426 1075 1500 1119 est,

140 1144 359 1199 aliudque,
391 1143 444 1186 ad
476 1143 596 1201 quod
628 1142 754 1187 habet
784 1143 1058 1196 relationem,
1090 1159 1260 1202 semper
1288 1143 1498 1202 possidet:

141 1219 227 1262 Sed
259 1220 403 1262 Unum
441 1235 465 1262 e
495 1219 703 1264 relatione
733 1218 788 1262 ad
818 1218 955 1270 aliud,
992 1232 1044 1262 ex
1081 1220 1151 1262 sui
1181 1217 1318 1277 ipsius¹
1348 1227 1499 1263 natura

141 1309 356 1352 egressum
373 1302 447 1346 est,
479 1295 667 1353 ideoque
685 1294 806 1353 quod
824 1293 963 1338 solum
983 1294 1143 1349 habuit,
1175 1297 1325 1349 amisit,
1353 1297 1498 1340 Unum

141 1386 255 1422 esse,v
274 1371 412 1427 fitque
441 1370 574 1413 Nihil.

255 1446 395 1487 Huius
427 1445 694 1502 quaestionis
723 1444 950 1487 artificium
980 1444 1184 1488 laudibus
1222 1446 1397 1498 tollere,
1437 1447 1503 1489 ni-

140 1521 199 1562 hil
232 1522 391 1563 attinet.
452 1520 696 1562 Perfectum
733 1527 818 1563 est*
836 1521 1054 1577 specimen
1090 1520 1266 1577 legitimi
1299 1535 1501 1578 ‹progres-

140 1611 214 1638 sus
235 1595 457 1648 dialectici,
489 1610 577 1654 quo
607 1594 654 1638 id
685 1595 881 1647 efficitur,
913 1602 959 1637 ut
985 1594 1246 1653 sophismata
1261 1597 1499 1639 deleantur.

806 1742 824 1770 .*

254 1822 304 1863 In
320 1822 418 1877 vipsa
434 1820 668 1878 hypothesi
689 1820 978 1863 statim-initio
999 1822 1266 1877 quaestionis
1293 1820 1501 1864 elementa

140 1906 312 1939 externe
343 1909 439 1937 esse
469 1903 606 1938 sumta
636 1895 872 1938 notandum
904 1902 979 1939 est.

258 1972 399 2013 Unum
436 1976 480 2011 et
516 1970 647 2013 multa
683 1994 740 2002 —
771 1978 1003 2027 utrumque
1042 1973 1164 2027 quasi
1200 1972 1285 2026 jam
1325 1968 1496 2027 praebi-

140 2055 227 2088 tum
276 2053 316 2088 et
356 2046 513 2087 factum
560 2052 812 2095 tractantur3
848 2060 941 2100 'quo
986 2047 1109 2087 modo
1151 2060 1207 2086 ea·
1242 2058 1346 2086 *απο-
1378 2048 1497 2100 fiant

144 2123 296 2173 multa,
342 2134 453 2178 quae
491 2121 545 2162 sit
582 2121 722 2163 Unius
761 2123 927 2163 interna
967 2119 1022 2163 ad
1062 2119 1198 2164 multa
1234 2120 1428 2173 relatio„
1452 2120 1502 2164 id

140 2197 315 2251 quidem
356 2203 401 2238 ut
442 2195 600 2250 dialogi
640 2197 844 2238 terminos
885 2195 1096 2238 excedens
1133 2210 1222 2237 non
1255 2198 1498 2251 quaeritur-3

140 2269 469 2319 sublimius‚hoc
490 2277 552 2313 est
574 2269 814 2332 dialectices
846 2269 1080 2329 problema,
1108 2270 1227 2327 quod
1259 2270 1374 2315 solvi
1406 2286 1498 2315 nou

140 2353 315 2403 poterat,
349 2348 443 2388 nisi-
464 2348 727 2403 quaestionis
758 2348 837 2395 via*
857 2347 1021 2398 inflexa,
1054 2361 1109 2388 ne
1139 2345 1276 2388 dicam
1307 2347 1497 2403 turbata;

139 2425 182 2464 in
223 2437 271 2464 ea
311 2420 521 2465 solvenda
566 2429 777 2481 occupato
820 2424 891 2466 vix
928 2422 1304 2479 aliter-agendum
1334 2424 1496 2475 fuisset,

140 2510 268 2552 quam
312 2499 462 2539 ceteris
502 2500 678 2542 minoris
723 2500 925 2542 momenti
963 2511 1075 2554 quae
1112 2500 1155 2540 in
1199 2500 1496 2554 quaestionem

140 2579 258 2614 erant
287 2571 502 2621 vocanda,
541 2572 746 2629 neglectis
786 2583 866 2617 aut·
894 2575 1024 2633 plane
1053 2574 1230 2625 relictis,
1261 2571 1307 2616 u't
1336 2572 1496 2628 quibus

138 2645 224 2700 jam
254 2660 345 2690 non
376 2645 560 2705 amplius
587 2655 699 2691 esset
729 2662 853 2707 opus.

256 2722 315 2764 lta
347 2725 483 2781 prima
513 2726 645 2768 series
676 2723 738 2767 nil
766 2726 852 2769 nisi
881 2725 1233 2769 exercitationem
1256 2721 1389 2767 habet
1410 2721 1499 2766 dia-
