1648 2971
682 202 856 251 -50
916 203 978 241 ——‘

256 317 329 362 De
368 317 573 376 gravitate
607 314 737 374 hujus
775 318 934 377 speciei
954 316 997 373 θ’)
1042 316 1267 361 verissime
1302 318 1517 364 801110101-

143 391 372 437 macherus
401 398 568 437 monet:
598 390 934 450 „negligendum
963 405 1055 436 nou
1084 406 1183 436 esse
1211 392 1431 438 Unitatem
1459 396 1518 439 si-

141 468 233 513 mul
263 468 549 513 universalem
588 468 782 512 omnium
818 470 1059 527 specierum
1084 468 1278 512 ‘formam
1318 483 1433 520 esse;
1477 477 1520 513 et

140 550 307 588 1311111111
353 543 434 587 1130
476 543 646 588 ratione
689 542 916 588 dialectica
963 544 1287 603 oppositionem
1329 545 1517 588 Unitatis

142 620 426 678 omniumque
463 618 670 672 aliorum,
713 618 911 678 alioquin
945 628 1074 664 causa
1110 618 1378 675 destitutam,
1422 635 1519 680 spe-

141 692 343 739 ctandam
374 693 509 740 esse.‘'

257 771 380 816 Haec
422 773 516 830 ipsa
558 770 749 833 omniunt
793 771 1038 828 specierum
1079 770 1219 816 forma
1256 769 1518 815 universalis

140 846 291 890 Unum
314 854 389 900 est,
418 848 532 903 quia,
561 860 694 904 quum
724 843 781 889 ad
809 844 930 889 aliud
958 845 1155 899 relatum,
1183 861 1276 890 non
1305 845 1362 889 ad
1393 844 1518 888 aliud

141 919 220 963 sed
252 920 308 964 ad
340 935 389 964 se
419 922 561 979 ipsum
598 921 827 974 reseratur,
864 920 941 964 ille
977 922 1136 980 agendi
1165 923 1293 980 vigor
1322 927 1405 973 est,
1443 921 1519 977 qui

143 997 392 1041 continetur
418 1004 574 1040 natura
610 995 838 1040 individui.
906 996 1051 1055 Atque
1089 998 1258 1041 ratione
1295 996 1519 1040 dialectica

141 1073 306 1129 speciei
342 1071 556 1129 neglecta,
590 1072 789 1129 profecto
827 1074 1052 1129 oppositio
1082 1074 1225 1117 Unius
1264 1079 1306 1116 et
1334 1072 1519 1115 aliorum

141 1160 272 1188 causa
310 1145 513 1188 destituta
547 1152 677 1188 esset:
724 1160 825 1188 nam
854 1146 943 1189 Uni
982 1151 1070 1204 qua
1099 1148 1188 1191 Uni
1225 1162 1319 1191 non
1356 1147 1519 1190 exsistit

140 1219 262 1263 aliud
306 1219 566 1279 quidquam3
621 1221 763 1264 omnis
812 1220 1062 1265 differentia
1112 1222 1161 1265 in
1206 1222 1293 1266 hoc
1334 1222 1520 1281 simplici

140 1294 274 1338 modo
306 1298 513 1353 negativo
544 1295 714 1339 sublata
744 1302 820 1340 est.

257 1370 347 1415 Sed
378 1386 428 1415 ex
458 1371 541 1415 hac
570 1373 667 1431 ipsa
696 1373 865 1416 ratione
888 1372 1089 1430 negativa
1112 1370 1360 1416 efficiuntur
1384 1370 1520 1415 multa

140 1460 254 1503 quae
271 1448 451 1491 veritate
468 1462 559 1491 non
583 1447 724 1491 aliena
754 1446 809 1491 ab
822 1449 939 1500 Uno,
970 1447 1051 1491 sed
1073 1449 1214 1506 ipsum
1230 1449 1379 1491 Unum
1409 1453 1520 1499 sunt,

140 1528 194 1575 et,
226 1523 398 1566 ratione
429 1522 657 1567 dialectica
681 1530 844 1567 tantum
874 1528 1080 1580 tanquam
1098 1522 1181 1566 alia
1199 1529 1518 1582 proponuntur,

137 1604 185 1641 ut
201 1599 347 1642 Unum
376 1600 519 1656 ipsum
551 1615 576 1642 e
604 1598 881 1642 multitudine
912 1613 991 1641 sua
1022 1598 1283 1650 exhibeatur,
1314 1605 1357 1641 et
1392 1605 1520 1641 attra-

138 1674 284 1716 ctione
315 1674 580 1732 repulsionis
610 1673 656 1717 id
687 1689 767 1733 per
800 1689 848 1717 se
876 1672 975 1722 fiat,
1006 1672 1127 1731 quod
1158 1679 1241 1725 est,
1271 1687 1330 1716 sc.
1349 1674 1517 1717 UnitaS·

138 1747 280 1792 Etiam
311 1752 496 1806 negatio,
527 1750 672 1807 specie
701 1756 865 1794 tantum
896 1751 1117 1802 exsistens,
1144 1751 1346 1793 nimirum
1370 1749 1518 1801 multa,

139 1825 185 1866 in
216 1825 363 1867 Unum
404 1832 578 1883 recepta
611 1832 694 1877 est,
735 1833 776 1869 et
816 1825 1114 1870 determinatio
1152 1839 1232 1874 eo,
1270 1824 1392 1882 quod
1428 1838 1519 1867 non

140 1899 323 1957 amplius
369 1900 526 1943 relatio
574 1899 630 1943 ad
676 1900 759 1943 alia
805 1907 890 1950 est,
930 1913 1114 1956 prorsus
1159 1902 1347 1944 evanuit.
1422 1900 1520 1943 Hoc

138 1974 274 2018 modo
308 1975 492 2032 qualitas
523 1974 714 2027 sublata,
746 1975 960 2032 quantitas
992 1987 1109 2016 mera
1142 1973 1295 2017 effecta
1327 1980 1402 2018 est.

661 2048 679 2069 ²8
978 2046 997 2067 *

813 2086 832 2106 *

254 2124 516 2167 Addidimus
531 2124 779 2169 Aristotelis
812 2122 1025 2182 quosdam
1056 2124 1194 2177 locos,
1225 2124 1311 2167 huc
1340 2124 1519 2167 maxime

136 2201 431 2257 pertinentes:
472 2200 657 2256 metaph.
698 2201 751 2242 ΙΙ.
793 2215 834 2256 p.
864 2200 922 2241 55
954 2213 1076 2256 seqq.
1143 2195 1334 2242 Πάντων
1364 2198 1409 2241 δὲ
1438 2200 1517 2242 καὶ

137 2275 369 2330 θεωρῆσαι
396 2272 718 2331 χαλεπώτατον
746 2306 755 2314 .
788 2307 796 2315 .
828 2306 838 2316 .
870 2306 879 2315 .
913 2273 1147 2329 συμβαίνει
1178 2274 1246 2324 δὲ,
1277 2277 1312 2317 εὶ
1340 2276 1420 2329 μέν
1449 2290 1517 2323 τις

136 2346 199 2405 μὴ
231 2344 429 2401 θήσεται
458 2349 571 2394 εἷναί
599 2353 704 2393 τινα
734 2345 890 2391 οὐσίαν
926 2344 1055 2392 τὸὲν
1085 2353 1164 2393 καὶ
1199 2343 1252 2392 τὸ
1292 2344 1367 2401 ὂν,
1403 2348 1516 2404 μηδὲ

137 2424 224 2467 τῶν
264 2422 412 2467 ἄλλων
447 2424 561 2469 εἶναι
599 2425 687 2468 τῶν
723 2422 931 2467 καθόλου
972 2425 1146 2480 μηθέν·
1197 2424 1371 2468 ταῦτα
1415 2421 1514 2479 γάρ

230 2608 268 2653 ⁸)
293 2609 452 2655 Memph.
476 2610 533 2648 IV.
555 2603 602 2656 p.
625 2609 683 2646 97.
716 2605 744 2654 ᾦ
765 2608 830 2657 γὰρ
854 2608 976 2656 πρώτῳ
1002 2606 1211 2655 γι·ωρΕ,ομεν
1221 2634 1231 2650 ,
1253 2606 1357 2641 τοῦτο
1381 2606 1515 2654 πρῶτον

137 2673 263 2717 μέτρον
287 2670 434 2707 ἑκάστου
454 2674 591 2716 γένους·
622 2668 733 2721 ἇρχή
770 2668 841 2707 οὖν
873 2671 950 2706 τοῦ
981 2683 1062 2715 γνω
1074 2683 1121 2705 οτ
1133 2685 1152 2705 0
1163 2672 1183 2706 ῦ
1207 2683 1253 2705 πε
1264 2671 1305 2718 ρὶ
1329 2670 1515 2705 ἕκαστον

135 2731 184 2767 τό
213 2734 264 2771 ἓν,
