1648 2971
661 181 950 228 ..29-

117 291 307 352 parvitas
349 299 392 338 et
431 292 683 352 magnitudo
721 293 1009 353 explanantur.
1082 293 1154 339 Fit
1187 293 1482 345 hoc-omnino

116 371 204 429 jam
241 368 393 414 eadem
427 371 596 415 ratione
632 385 719 430 qua
756 371 897 415 serius
929 373 975 416 in
1005 369 1245 416 Phaedone
1274 392 1331 405 --
1359 376 1482 419 nimi-

115 460 213 489 rum
251 445 373 504 quod
408 447 593 504 pertinet
630 446 687 490 ad
722 447 893 504 species
928 445 1266 506 distinguendas.
1345 446 1484 505 Quod

114 528 268 564 nostro
304 521 425 575 loco,
457 523 624 581 quippe
658 535 749 579 quo
785 528 833 566 ut
869 522 1138 580 aequalitatis
1172 525 1298 569 notio
1334 526 1485 585 gigna-

115 603 186 639 tur
223 595 500 641 efficiendum
538 598 612 649 sit,
657 598 956 655 gravissimum
991 596 1121 642 illud:
1171 616 1270 653 „res
1307 601 1482 646 illarum

115 672 351 716 monadum
395 673 631 732 participes
683 676 857 719 nomina
895 674 1139 733 1accipere“
1152 672 1202 730 ³¹⁵)
1262 679 1481 729 omittitur,

113 746 221 790 nihil
257 748 313 791 ad
349 763 440 791 rem
478 750 687 806 pertinet3
726 750 1012 794 conclusione
1048 752 1164 795 enim
1193 753 1389 809 proxima
1419 761 1484 797 est

113 835 248 866 unum
284 830 327 867 et
361 824 502 882 majus
543 831 585 869 et
618 826 775 869 minus.
848 824 1094 870 Cous-ilium
1140 834 1232 871 erat
1267 828 1398 873 simul
1428 829 1484 873 de

111 903 265 941 natura
289 901 446 957 -magni
481 913 534 942 ac
574 902 699 957 parvi
741 900 968 952 monendi;
1010 916 1100 960 quo
1138 904 1253 946 enim
1288 905 1482 957 severius

112 987 182 1016 res
219 972 393 1030 objecta
421 981 648 1030 separatur
682 990 708 1017 a
743 989 902 1033 magno
941 981 985 1018 et
1026 990 1184 1034 parvo,
1222 991 1285 1021 eo
1323 978 1483 1021 clarius

111 1055 289 1106 apparet
318 1063 465 1093 earum
498 1047 555 1091 ad
584 1061 634 1092 se
663 1048 887 1093 relationis
918 1051 997 1093 vis.

226 1122 316 1168 Ubi
352 1125 397 1168 in
437 1139 487 1168 ea
528 1123 690 1182 dialogi
727 1130 868 1183 parte,
910 1139 1038 1182 quam
1075 1121 1129 1168 τὸ
1165 1126 1320 1182 τρίτον
1356 1124 1483 1172 Plato

109 1199 310 1259 appellat,
326 1202 532 1259 ‚quaestio
560 1199 614 1244 de
634 1201 737 1244 Uno
763 1214 817 1243 eo
842 1199 1235 1259 comprehenditur,
1265 1207 1313 1244 ut
1332 1202 1481 1246 Unum

109 1279 164 1320 sit
193 1285 235 1320 et
265 1276 398 1320 multa
428 1276 630 1335 idemque
662 1291 813 1329 rursus
835 1291 978 1334 neque
999 1277 1147 1319 Unum
1168 1291 1313 1334 neque
1336 1277 1481 1330 multa,

107 1354 389 1411 perspicuum
421 1359 507 1404 est,
543 1352 629 1395 hoc
678 1350 1065 1409 „neque-nequd'
1105 1351 1261 1396 itidem·
1281 1359 1483 1411 respectu

110 1430 238 1471 seriei
263 1427 490 1471 absolutae
529 1427 628 1470 dici.
689 1426 803 1469 Illud
840 1427 979 1484 ipsum
1012 1428 1059 1469 in
1089 1429 1273 1470 transitu
1302 1429 1483 1472 Versari

108 1504 196 1548 hoc
225 1504 470 1561 significare
499 1502 604 1552 vult,
641 1502 687 1546 id
717 1500 837 1561 quod
868 1501 981 1555 fluit,
1014 1501 1137 1560 quod
1166 1517 1260 1547 uon
1290 1503 1372 1547 sub
1403 1504 1483 1547 hac

109 1593 201 1623 non
235 1579 319 1623 sub
343 1579 419 1623 illa
443 1577 696 1622 conditione
724 1582 985 1636 perseverat.
1013 1606 1017 1609 «

228 1655 313 1698 Hic
350 1656 483 1711 igitur
517 1654 722 1711 dialogus
759 1652 975 1711 fastigium
1013 1652 1198 1709 attingit,
1244 1651 1324 1694 ubi
1366 1666 1487 1695 com-⁴

109 1731 260 1778 munio
289 1744 386 1773 cum
414 1737 629 1789 tempore,
670 1744 757 1787 qua
783 1730 931 1774 Unum
961 1729 1007 1771 in
1036 1727 1267 1788 μεταβολῇ
1291 1735 1486 1785 augetur,

108 1819 190 1864 per
219 1819 268 1847 se
297 1807 487 1864 capitur,
526 1812 568 1849 et
603 1812 807 1862 tanquam
836 1803 1034 1848 omnium
1060 1803 1316 1847 transituum
1345 1804 1486 1847 forma

108 1882 317 1939 primaria
354 1881 672 1926 consideratur.
738 1879 857 1923 Haec
891 1879 1060 1938 species
1098 1877 1248 1935 regula
1268 1885 1330 1922 ,et
1360 1881 1485 1937 quasi

111 1956 233 2001 filum
264 1963 330 2001 est
359 1973 438 2016 per
467 1956 765 2014 labyrinthum
795 1960 1029 2013 percursae
1058 1954 1197 1997 seriei.

228 2034 277 2078 Si
306 2039 500 2076 tenemus
529 2032 605 2075 illa
636 2032 725 2076 duo
756 2046 807 2075 ex
837 2030 1072 2075 Phaedone
1101 2033 1354 2088 praecepta,
1397 2030 1485 2085 pri-

112 2124 229 2153 mum
267 2126 311 2169 p.
344 2110 414 2164 71.
450 2124 475 2152 a
506 2105 689 2158 Ἱκανῶς
722 2100 804 2151 οὖν
840 2108 997 2164 ἔχομεν
1034 2105 1189 2159 τοῦτο,
1234 2102 1306 2149 ὅτι
1337 2100 1487 2148 πάντα

112 2183 227 2229 οὕτω
270 2187 467 2242 γίγνεται
504 2183 549 2238 ἐξ
586 2184 795 2227 ἐναντίων
831 2178 888 2225 τὰ
928 2184 1109 2226 ἐναντία
1144 2178 1390 2237 πράγματα
1426 2201 1485 2212 --

115 2261 191 2304 καὶ
213 2259 348 2316 (εἰσὶ)
378 2259 461 2305 δύο
493 2261 677 2318 γενέσεις
705 2254 792 2302 ἀπὸ
820 2258 905 2310 μὲν
933 2257 1019 2303 τοῦ
1047 2259 1196 2314 ἑτέρου
1224 2257 1293 2300 ἐπὶ
1321 2252 1374 2299 τὸ
1406 2257 1487 2298 ἕτε-

117 2351 211 2394 ρον,
242 2332 332 2378 ἀπὸ
366 2335 406 2379 δ’
440 2328 499 2380 αὖ
528 2334 610 2380 τοῦ
641 2337 788 2390 ἑτέρου
813 2331 950 2378 πάλιν
973 2336 1046 2378 ἐπὶ
1066 2329 1118 2377 τὸ
1145 2335 1307 2391 ἕτερον.
1359 2332 1487 2389 Quae

115 2410 352 2470 disputatio
390 2418 584 2456 nostram
620 2412 667 2455 in
701 2409 957 2454 Parmenide
994 2415 1127 2454 totam
1166 2409 1322 2467 excipit
1356 2414 1487 2465 atque

118 2486 297 2531 ulterius
327 2494 559 2546 promovet
588 2510 664 2532 --.
694 2488 1051 2543 (Verumtamen,
1085 2485 1207 2545 quod
1234 2482 1486 2534 notandum,

119 2564 188 2620 (p.
209 2562 387 2619 103.h.)
417 2560 488 2608 ὅτι
516 2560 629 2608 αὐτὸ
659 2559 709 2607 τὸ
737 2564 939 2608 ἐναντίον
968 2562 1142 2619 ἑαυτῷ
1172 2561 1376 2606 ἐναντίον
1404 2555 1495 2601 οὐκ.

213 2726 251 2773 ·)
276 2731 319 2766 cf.
344 2729 569 2766 Phaedonem
594 2742 631 2776 p.
648 2727 730 2766 102.
754 2741 783 2768 a.
817 2726 897 2765 103.
922 2730 958 2764 b.

1075 2790 1106 2835 3
