1648 2971
690 175 953 217 ...6.-

136 287 230 343 ejus
268 284 325 328 ad
363 279 825 343 sequentes‘dialogbs
857 292 899 328 et
928 285 1180 342 praesertim
1210 283 1266 327 ad
1296 284 1505 329 Theaete-

134 368 223 406 tum
253 363 466 406 rationem
495 359 667 403 videtur
696 358 994 419 perpendisse.

250 464 549 509 parmenidem
579 466 709 523 igitur
739 463 902 522 duplici
932 465 1114 516 ratione,
1146 463 1247 508 loco
1272 471 1372 508 ante
1389 464 1506 508 The-

134 549 338 596 aetetum,
381 531 698 601 significatione
737 542 974 585 certissime
1021 554 1127 599 prae
1164 539 1366 585 omnibus
1406 548 1507 586 ante

135 618 382 676 Sophistam
431 617 615 674 dialogis
661 617 975 660 recensendum
1022 631 1120 659 esse
1163 618 1220 668 ita
1267 616 1357 660 fere
1405 617 1508 659 mihi

133 692 343 737 informo:
403 694 556 736 Finem
592 695 822 751 imponens
860 694 1024 751 primae
1063 692 1333 750 dialogorum
1371 693 1511 744 seriei,

133 770 538 828 praestantissimus
579 776 643 811 est
681 770 871 810 omnium
921 782 1092 820 eorum,
1140 781 1254 825 quos
1296 766 1509 810 Schleier-

136 846 361 888 macherus
402 844 591 902 appellat
631 843 955 893 elementarios3
995 849 1035 884 et
1076 843 1112 885 si
1151 842 1218 896 id,
1260 842 1382 900 quod
1420 857 1510 886 non

134 906 365 979 perspicue
406 919 582 977 quidem
613 906 890 961 manifestans
923 918 1076 961 lectori
1108 918 1408 978 explicandum
1442 933 1510 962 re-

138 996 320 1053 linquit,
361 997 408 1038 iu
436 994 620 1053 dialogis
653 996 933 1053 quaestiones
965 994 1216 1039 dialecticas
1246 994 1509 1039 absolventi-

137 1071 240 1123 bus,
270 1073 314 1113 in
346 1071 574 1128 Sophista,
603 1070 863 1121 Phaedone,
893 1069 1076 1113 Philebo
1106 1073 1337 1130 perspicue
1368 1070 1511 1128 expla-

137 1153 275 1198 natur,
310 1148 498 1192 strictius
520 1145 794 1205 proponitur,
826 1144 1029 1188 omnibus
1061 1162 1110 1189 ex
1139 1146 1333 1205 partibus
1365 1145 1512 1189 absol-

136 1224 252 1265 vitnr
285 1247 340 1255 —-
371 1223 544 1265 minime
583 1221 670 1265 hoc
705 1221 750 1262 in
783 1219 949 1277 Gorgia
988 1227 1030 1263 et
1060 1221 1298 1264 Theaeteto
1340 1221 1508 1264 accidit.

137 1296 533 1354 Disquisitionibus
564 1298 609 1340 in
640 1295 913 1345 Parmenide,
944 1311 1037 1340 non
1067 1310 1247 1354 quoque
1278 1296 1410 1341 modo
1440 1312 1510 1340 ex-

138 1370 320 1430 plicitis,
356 1373 422 1415 vis
462 1371 736 1429 dialogorum
772 1372 984 1413 seriorum
1023 1380 1322 1428 praeparatum
1357 1372 1402 1414 bi
1438 1371 1511 1414 de-

138 1464 256 1492 mum
296 1445 545 1490 Parmenidi
584 1460 712 1503 pares
755 1451 876 1498 sunt,
925 1451 967 1488 et
1003 1444 1049 1489 id
1087 1445 1142 1489 ad
1180 1446 1313 1490 finem
1351 1445 1512 1505 perdu-

138 1531 262 1576 cunt,
290 1521 439 1580 >quod
477 1523 523 1566 in
562 1536 616 1566 eo
657 1520 851 1566 nondum
896 1520 1028 1578 plane
1067 1521 1333 1580 explicatum
1359 1522 1512 1567 lectori

138 1599 335 1643 relictum
367 1603 470 1641 erat.

258 1695 356 1740 Alia
395 1710 446 1738 ex
479 1702 601 1753 parte
635 1695 706 1738 hic
743 1694 942 1752 dialogus
980 1695 1224 1739 censendus
1257 1702 1322 1739 est
1353 1693 1508 1738 funda-

140 1778 330 1816 mentum
368 1772 707 1819 constructionis
745 1772 875 1814 totius
906 1770 1213 1828 philosophiae
1242 1770 1515 1818 Platonicae;

140 1856 182 1898 et
214 1847 421 1905 quamvis
465 1848 576 1889 ratio
615 1846 839 1888 dialectica
876 1848 1118 1902 specierum
1156 1844 1212 1888 ab
1251 1859 1305 1892 eo
1346 1857 1515 1901 propo-

140 1926 230 1976 sita,
262 1924 390 1966 etiam
423 1924 468 1965 in
500 1922 706 1980 Sophista
736 1920 865 1979 plane
897 1920 1145 1978 explicetur,
1175 1909 1316 1963 tamen
1347 1921 1392 1962 in
1411 1918 1514 1961 Par-

140 1998 313 2042 menide
342 1997 669 2050 fundamentum
702 1996 971 2040 dialecticum
1002 1996 1206 2041 omnibus
1238 2011 1288 2039 ex
1318 1993 1512 2054 partibus

143 2075 423 2118 constitutum
454 2080 537 2125 est,
565 2080 614 2115 ut
642 2075 686 2116 in
717 2073 842 2116 nullo
872 2073 959 2115 alio
991 2058 1191 2129 dialogo;
1229 2079 1271 2114 et
1302 2078 1349 2113 ut
1380 2069 1510 2112 diale-

142 2150 251 2192 ctica
287 2148 385 2206 ipsa
422 2148 614 2190 omnium
652 2147 921 2203 reliquorum
958 2147 1285 2191 fundamentum
1323 2152 1387 2189 est
1417 2144 1511 2188 Pla-

144 2225 253 2275 toni,
282 2225 341 2266 ita
373 2228 416 2265 et
445 2222 516 2264 hic
548 2221 762 2279 dialogus,

262 2320 524 2372 Theaeteto,
563 2334 661 2363 cum
692 2319 951 2363 Parmenide
990 2325 1256 2377 comparato,
1299 2318 1515 2362 exoterica

146 2403 193 2440 ut
222 2397 281 2440 ita
313 2395 463 2448 dicam,
490 2398 599 2440 ratio
617 2402 694 2438 est.
743 2393 979 2454 Conspirat
1009 2402 1056 2438 ut
1085 2395 1170 2438 hoc
1201 2394 1412 2438 efficiatur
1442 2392 1516 2435 de·

145 2473 283 2517 lectus
314 2478 357 2516 et
385 2470 559 2515 habitus
589 2486 887 2529 personarum.
935 2470 1057 2514 Loco
1078 2469 1344 2515 Parmenidis
1368 2481 1518 2525 quam-

146 2561 319 2605 cunque
345 2547 607 2606 hypothesin
636 2548 682 2590 in
712 2561 863 2590 omnes
887 2547 982 2590 eius
1004 2553 1146 2604 partes
1170 2544 1393 2589 dialectice
1418 2559 1518 2602 per-

146 2626 391 2682 sequentis,
431 2624 634 2669 Socrates
673 2622 893 2681 dialogum
932 2621 1100 2680 dirigit,
1139 2622 1326 2674 ironice,
1366 2620 1518 2673 facete,
