1648 2971
668 170 959 216 ...58-

131 284 335 340 θατέρου
357 280 490 343 φύσις
508 287 656 340 ἕτερον
680 281 1012 342 ἀπεργαζομένη
1040 284 1125 328 τοῦ
1155 283 1285 338 ὄντος
1314 291 1502 333 ἕκαστον

132 355 225 401 οὐκ
256 355 283 402 ὂ
291 373 319 402 ν
348 363 474 409 ποιεῖ,
503 359 584 403 καὶ
605 355 846 414 ξύμπαντα
874 354 929 411 δὴ
960 355 1074 402 κατὰ
1102 357 1244 404 ταύτὰ
1265 358 1406 411 οὕτως
1425 361 1505 406 οὐκ

131 430 248 476 ὄντα
276 432 428 490 ὀρθῶς
458 432 654 490 ἐροῦμεν.
697 435 800 479 257.
829 435 918 479 καὶ
947 429 1007 477 τὸ
1039 432 1100 478 ὃν
1128 432 1201 491 ἄρ’
1234 431 1366 491 mam
1386 432 1504 479 ὅσα-

129 511 223 565 πέρ
253 510 366 551 ἐστι
392 506 460 551 τὰ
489 507 647 560 ἄλλα,
685 503 824 554 κατὰ
853 508 1106 552 τοσαῦτα
1143 506 1236 552 οὐκ
1273 510 1422 553 ἔστιν
1444 532 1505 543 -

126 581 296 639 (quoad
319 584 432 627 enim
455 582 529 628 illa
559 585 607 627 in
629 598 675 628 se
702 597 791 625 non
820 581 967 637 habet,
999 590 1064 628 est
1093 583 1266 640 Unum).
1312 582 1420 629 ὥστε
1447 580 1501 628 τὸ

124 654 180 701 ὃν
219 656 633 720 ἀναμφισβητήτως
675 650 736 702 αὖ
772 661 913 718 μυρία
951 662 1025 704 ἐπὶ
1065 661 1247 718 μυρίοις
1282 658 1363 704 οὐκ
1400 661 1504 712 ἔστι,

122 733 197 777 καὶ
226 726 374 778 τᾶλλα
404 731 459 788 δὴ
490 733 604 778 καθ’
645 737 834 779 ἕκαστον
875 731 990 779 οὕτω
1028 736 1101 780 καὶ
1128 734 1371 793 ’ξύμπαντα
1399 736 1504 780 πολ-

122 808 245 871 λαχῇ
259 808 307 864 ³¹⁶)
335 810 419 866 μὲν
448 810 563 860 ἔστι,
591 808 796 870 πολλαχῇ
825 807 869 853 δ’
901 808 983 854 οὐκ
1012 811 1143 855 ἔστιν.
1202 811 1290 855 259
1312 810 1356 855 b.

238 883 538 942 Respicientes
569 883 625 927 ad
654 883 801 932 locum
831 899 963 943 supra
994 886 1170 929 citatum
1200 908 1260 923 ψ·-
1289 885 1408 939 (254
1431 884 1502 941 h.)

122 955 181 1000 τὰ
210 963 292 1015 μὲν
325 960 413 1004 τῶν
451 959 586 1019 γενῶν
620 965 842 1005 κοινωνεῖν
882 961 1054 1004 ἐθέλειν
1090 959 1323 1014 ἀλλήλοις,
1363 957 1421 1004 τὰ
1453 961 1502 1005 δὲ

123 1030 213 1088 μὴ,
247 1037 323 1078 καὶ
351 1031 517 1090 τὰμὲν
546 1032 615 1078 ἐπ’
658 1033 831 1091 ὀλίγον,
867 1030 925 1076 τὰ
962 1033 1002 1077 δ’
1043 1037 1112 1079 ἐπὶ
1148 1031 1322 1086 πολλά,
1360 1031 1416 1077 τὰ
1455 1035 1502 1078 δὲ

121 1108 198 1151 καὶ
226 1103 303 1149 διὰ
338 1104 520 1150 πάντων
549 1105 680 1150 οὐδὲν
716 1104 898 1150 κωλύειν
935 1114 1032 1160 τοῖς
1065 1109 1177 1157 πᾶσι
1205 1112 1500 1163 κεκοινωνηκέ-

121 1178 534 1226 vac''—relatione
562 1187 707 1226 motus
737 1187 780 1226 et
811 1182 970 1239 quietis
1001 1188 1049 1226 ut
1078 1182 1226 1227 talium
1256 1185 1499 1242 specierum

120 1271 307 1315 quarum
336 1258 560 1316 oppositio
589 1271 682 1301 non
710 1257 905 1310 tollatur,
941 1246 1139 1315 neglecta
1170 1283 1226 1293 -
1256 1260 1295 1301 si
1324 1258 1502 1303 relatio-

120 1345 222 1376 nem
253 1346 423 1386 earum,
463 1347 574 1392 quae
611 1331 815 1378 omnibus
853 1347 1107 1378 communes
1136 1340 1258 1386 sunt,
1297 1333 1502 1378 conside-

120 1419 269 1451 ramus
279 1410 716 1466 ,quaestionemque
744 1407 970 1466 quomodo
999 1411 1046 1452 in
1071 1410 1129 1452 iis
1160 1411 1382 1467 oppositio
1413 1409 1502 1454 sol-

120 1489 269 1536 vatur-3
312 1481 668 1542 respondendum
700 1484 804 1528 erit:
849 1497 925 1536 eo,
963 1482 1084 1542 quod
1121 1482 1253 1541 plane
1292 1499 1318 1527 e
1353 1483 1498 1528 medio

122 1565 192 1620 est·
210 1557 383 1604 sublata
409 1560 574 1618 quippe
604 1548 730 1617 cufus
761 1566 810 1604 ut
839 1573 943 1604 vere
974 1559 1215 1603 exsistentis
1243 1557 1374 1617 plane
1402 1557 1499 1603 nul-

120 1633 192 1678 lus
220 1636 290 1691 (in
317 1636 392 1690 iis)
423 1637 479 1679 sit
506 1635 647 1681 locus.

236 1709 337 1756 Hoc
374 1723 431 1755 eo
465 1710 630 1755 tantuin
667 1709 784 1755 effici
821 1713 1012 1771 poterat,
1052 1710 1175 1770 quod
1205 1711 1353 1756 omnia
1380 1708 1497 1755 idem

119 1784 354 1830 manebant
394 1785 516 1845 quod
556 1793 700 1839 erant3
749 1802 833 1844 pro
873 1787 1051 1832 Diversi
1067 1797 1069 1802 ’
1086 1792 1241 1830 natura
1280 1786 1498 1831 discerne-

118 1858 300 1913 bantur,
333 1875 418 1919 pro
448 1862 676 1905 Essentiae
704 1868 858 1905 natura
888 1858 1273 1904 connectebantur.
1341 1859 1497 1917 Quod,-

118 1950 209 1995 que
225 1937 446 1995 particeps
469 1943 535 1981 est
564 1935 741 1981 illorum
771 1950 962 1995 quoque,
992 1949 1103 1994 quae
1132 1933 1189 1979 ab
1219 1936 1313 1993 ejus
1341 1942 1497 1990 natura

119 2011 261 2062 aliena
287 2020 413 2065 sunt;
455 2027 560 2060 vere
590 2019 634 2058 et
661 2013 844 2072 proprie
872 2011 927 2056 id,
948 2018 1111 2056 tantum
1141 2018 1227 2065 est,
1265 2010 1389 2070 quod
1418 2017 1494 2065 est,

118 2094 352 2146 manetque
380 2090 664 2142 immutatum;
691 2090 929 2134 Diversum
959 2090 1124 2146 ipsum,
1153 2089 1373 2132 varietatis
1403 2086 1494 2130 for-

118 2178 207 2218 ma,
235 2169 384 2207 manet
406 2164 612 2216 varietas;
641 2164 740 2222 sed:
770 2166 800 2208 δ
808 2161 872 2209 ιὰ·
895 2161 1117 2225 πάντων
1146 2179 1195 2220 γε
1224 2159 1365 2216 αὐτὴν
1394 2158 1493 2219 (τὴν

117 2240 320 2296 θατέρου
336 2238 492 2299 φύσιν)
510 2237 657 2283 αὐτῶν
674 2236 877 2297 φήσομεν
901 2235 1045 2282 εἶναι
1063 2237 1493 2291 κδιεληλυθυῖαν·

118 2314 207 2358 255
223 2330 259 2359 e.
313 2314 420 2360 Ideo
451 2328 632 2374 quoque
660 2315 758 2373 ipso
780 2314 970 2359 Diverso
1000 2314 1145 2358 omnia
1174 2314 1371 2357 connecti
1398 2326 1490 2357 non

118 2389 244 2434 aliter
282 2402 412 2448 quam
451 2391 681 2451 speciebus
724 2389 889 2436 ταύτοῦ
911 2396 971 2434 et
1010 2388 1093 2432 τοῦ
1132 2387 1263 2442 ὄντος
1301 2395 1490 2449 apparet.

209 2578 249 2625 *)
283 2578 343 2617 Sc.
369 2579 465 2627 quod
489 2577 614 2613 attinet
641 2579 685 2614 ad
709 2577 792 2613 illas
824 2575 1027 2617 relationes,
1062 2589 1145 2622 quas
1178 2586 1336 2623 quaeque
1359 2573 1488 2620 species

114 2642 355 2689 participando
382 2642 548 2690 acquirit.
569 2653 783 2685 nontamen
805 2641 874 2688 sibi
898 2639 1098 2688 peculiares.
1125 2660 1127 2662 ·
1151 2640 1230 2677 Una
1254 2649 1389 2677 tantum
1410 2636 1489 2686 *dis-

113 2703 240 2740 tinctio
263 2705 388 2751 cuique
413 2706 605 2751 convenit3,
615 2707 756 2754 quaevis
779 2705 911 2753 species
936 2714 1142 2748 monetat.
