1648 2971
680 180 973 227 ...39-

268 367 475 430 Sequitur
503 367 637 414 altera
662 381 784 429 pars:
821 370 890 421 „el
923 367 971 416 δὲ
1003 366 1060 425 δὴ
1085 365 1151 426 μὴ
1181 367 1275 424 ἔστι
1301 367 1354 413 τὸ
1379 371 1427 423 ἓν
1452 391 1515 405 -

152 460 265 505 quae
301 445 456 491 eodem
495 444 629 489 modo
665 449 871 489 tractatur
907 458 995 502 quo
1023 446 1175 505 prima.
1242 438 1305 490 Τὸ
1334 447 1382 489 ἕν
1409 444 1515 490 sub-

151 522 311 580 jectum
346 526 507 574 manet,
543 521 615 564 cui
651 520 913 565 contrarium
950 520 1146 566 inhaeret
1182 520 1279 566 eius
1313 519 1439 581 quod
1467 521 1517 566 in

151 598 299 655 priore
325 603 448 657 parte
475 594 664 642 hahebat
689 595 984 656 praedicatum
1010 619 1076 638 —.
1105 595 1188 642 sed
1213 611 1306 643 non
1333 604 1383 643 ut
1410 610 1518 642 vere

150 758 251 795 Plato
279 759 334 796 his
369 757 483 795 verbis
512 759 623 795 effert·
666 771 702 806 p.
722 757 793 795 159
820 754 937 795 πάντα
968 752 1039 805 γὰρ
1060 755 1212 805 εἴρηται,
1242 751 1329 793 ὅταν
1349 756 1450 807 ῥηθῇ
1470 754 1517 795 τό

147 834 186 858 τε
209 822 244 859 ἓν
265 823 324 857 καὶ
346 815 466 859 τᾶλλα.
1451 819 1458 823 ’

236 886 352 922 Etiam
383 886 423 921 in
458 886 623 923 omnibus
659 885 886 930 notionibus,
922 899 1008 934 quas
1036 884 1077 921 in
1106 884 1220 933 prima
1256 883 1386 929 dialogi
1414 894 1515 931 parte

145 959 377 995 proposuerat
405 948 628 984 Parmenides
656 951 869 992 tractandas,
901 962 1020 985 earum
1048 948 1141 984 inter
1162 962 1201 985 se
1222 947 1345 985 relatio
1368 949 1516 992 urgeba-

146 1021 206 1047 tur
237 1021 271 1047 et
298 1011 618 1047 demonstrabatur:
649 1012 745 1057 quod
777 1012 892 1057 ipsum
922 1001 1111 1045 notionum
1141 1016 1193 1046 est
1219 1019 1354 1045 natura.
1404 1010 1516 1056 Quod

147 1074 205 1110 hic
235 1073 357 1110 Unum
386 1071 512 1122 majori
544 1077 624 1109 cum
655 1072 692 1108 vi
723 1072 859 1121 prodit,
887 1072 987 1109 facile
1017 1082 1068 1109 est
1094 1072 1291 1113 intellectu,
1332 1073 1430 1120 quod
1459 1073 1518 1120 ip-

147 1151 227 1174 sum
250 1151 298 1174 sc.
323 1148 374 1174 est
397 1137 619 1188 hypothesis;
648 1150 761 1184 neque
782 1145 897 1171 tamen
922 1149 982 1180 eo,
1007 1148 1094 1182 quae
1118 1145 1170 1171 est
1192 1135 1265 1171 eius
1289 1136 1334 1171 ad
1356 1131 1403 1170 τοὶ
1426 1130 1518 1171 ἄλλα

148 1201 255 1244 ratio,
283 1202 430 1240 tollitur.
477 1202 535 1237 Ad
568 1201 746 1245 dialogum
776 1213 917 1247 quoque
946 1210 1136 1235 extremum
1165 1199 1424 1245 respiciendum
1451 1210 1518 1239 est.

146 1273 240 1301 recte
262 1275 429 1300 monente
451 1264 625 1301 Srhmidt:
647 1263 699 1299 ihi
723 1263 817 1299 enim
840 1271 992 1309 apparet,
1015 1275 1083 1309 qua
1105 1262 1160 1297 via
1185 1262 1289 1298 etiam
1310 1261 1379 1296 τῶν
1403 1257 1518 1296 ἄλλων

146 1327 246 1363 notio
276 1342 379 1363 sunm
410 1326 464 1376 jus
494 1337 685 1374 recuperet.
725 1340 761 1373 p.
779 1324 850 1363 166
904 1320 959 1360 ὅτι
982 1324 1017 1360 ἓν
1041 1318 1106 1360 ἔπ’
1129 1325 1221 1360 ἔστιν
1244 1325 1312 1360 εἴτε
1334 1322 1387 1372 μή
1411 1327 1518 1371 ἐστιν,Ι

148 1384 254 1423 αὗτό
277 1401 321 1422 τε
342 1390 415 1422 καὶ
436 1383 576 1422 τᾶλλα
598 1402 629 1422 κ.
651 1399 684 1421 τ.
707 1388 741 1419 λ-

237 1450 359 1488 Unum
392 1466 466 1488 esse
494 1451 612 1487 omnia
642 1450 777 1486 ratione
806 1450 850 1486 ad
881 1442 990 1484 τᾶλλα
1018 1464 1136 1487 revera
1166 1452 1443 1488 demonstratum
1467 1461 1520 1490 est

146 1528 210 1560 per
232 1514 395 1552 notiones
418 1511 583 1560 πλήθους
612 1525 646 1550 et
675 1509 833 1560 α’πείρου,
860 1515 958 1560 quod
991 1507 1155 1561 ἄπειρον,
1187 1524 1372 1560 recepto
1402 1514 1518 1554 Uno,

145 1577 301 1614 terminis
328 1577 638 1619 circumscribitur,
667 1590 779 1624 eoque
810 1576 928 1611 omnia
961 1576 1161 1612 discrimina
1186 1587 1220 1613 et
1241 1578 1439 1623 praedicata
1462 1591 1518 1613 as·

146 1641 270 1684 sumit;
306 1642 411 1676 altera
443 1654 483 1676 ex
513 1635 609 1686 parte
638 1640 750 1675 multo
787 1641 889 1675 etiam
921 1639 1045 1675 clarius
1077 1650 1128 1675 est
1159 1653 1201 1674 eo
1226 1641 1516 1684 demonstratum,

147 1704 243 1751 quod
265 1698 312 1737 τοὶ
334 1697 422 1738 ἄλλα
445 1703 520 1740 sine
543 1702 626 1739 Uno
650 1717 695 1739 ne
718 1702 788 1739 sint
810 1703 952 1751 quidem
976 1703 1097 1741 multa.
1144 1703 1201 1738 An
1227 1703 1302 1739 ullo
1320 1703 1388 1738 alio
1404 1704 1516 1738 modo

146 1768 379 1803 demonstrari
404 1777 539 1814 potest,
564 1763 609 1800 τὰ
633 1761 720 1801 ἅλλα
743 1767 856 1803 Unius
880 1768 955 1803 sola
987 1779 1054 1814 ope
1078 1780 1151 1802 esse
1177 1767 1312 1810 omnia,
1336 1781 1439 1814 quam
1462 1781 1518 1811 eo,

148 1831 246 1876 quod
277 1829 353 1865 sine
381 1829 464 1864 Uno
487 1843 533 1865 ne
554 1831 674 1875 Ipsum
699 1829 842 1876 quidem
866 1843 941 1866 esse
964 1829 1148 1872 evincitur,
1178 1842 1391 1876 prorsusque
1423 1830 1514 1866 nihil

147 1894 193 1929 de
216 1907 259 1929 eo
284 1892 475 1939 praedicari
499 1892 630 1941 posse‘?

238 1956 372 1991 Eadem
404 1956 497 1991 enim
528 1965 611 1992 sunt
640 1948 748 1988 τᾶλλα
779 1965 812 1990 et
833 1951 875 1988 τὸ
899 1954 1039 1999 πλῆθος
1047 1969 1064 1996 ,·
1099 1968 1187 2000 quae
1209 1951 1373 1999 πλήθους
1395 1955 1516 1998 notio,

145 2018 228 2055 licet
249 2018 402 2067 primum
426 2018 528 2057 etiam
552 2033 625 2057 non
651 2018 834 2054 accedente
849 2016 962 2054 Unius
986 2017 1131 2053 notione
1156 2017 1246 2053 tueri
1268 2032 1305 2054 se
1329 2018 1516 2064 videretur,

146 2092 263 2119 tamen
285 2077 327 2114 τὸ
352 2080 493 2126 πλῆθος
517 2083 559 2115 ab
587 2081 628 2117 iis
653 2082 845 2122 divulsum,
875 2094 962 2127 quae
991 2080 1065 2116 eius
1095 2091 1256 2116 naturam
1290 2083 1518 2125 constituunt,

146 2148 223 2185 τοῖς
244 2143 387 2186 πολλοῖς
409 2153 444 2179 et
467 2143 683 2186 discrimine,
706 2157 794 2191 quae
816 2144 891 2190 ipsa
913 2142 1028 2178 Unius
1053 2154 1121 2191 ope
1145 2143 1271 2182 habet,
1303 2145 1436 2191 primae
1457 2157 1516 2179 se-

148 2208 211 2243 riei
241 2207 312 2243 Uni
338 2208 500 2247 omnibus
529 2207 732 2252 praedicatis
765 2217 903 2243 carente
925 2221 991 2243 nec
1013 2206 1184 2256 majorem
1211 2208 1317 2243 habet
1338 2208 1516 2245 veritatem

148 2283 215 2305 uec
237 2270 509 2315 probabiliorem
536 2269 750 2314 „nominis”
773 2283 929 2315 causam,
955 2284 1060 2317 quam
1083 2270 1182 2305 illud.

238 2332 312 2368 Nec
337 2347 418 2369 vero
442 2330 605 2379 πλήθους
619 2334 718 2370 notio
740 2334 842 2381 plane
866 2337 909 2371 ab
925 2334 1007 2370 Uno
1033 2333 1179 2370 dii-emta
1204 2334 1301 2370 aliud
1324 2334 1517 2382 quidquam

148 2396 263 2432 valere
287 2395 354 2430 dici
378 2402 513 2441 potest,
536 2411 640 2443 quam
664 2397 801 2439 Unum,
823 2398 969 2433 notione
990 2395 1057 2429 τῶν
1082 2391 1195 2430 ἄλλων
1219 2412 1350 2434 carens.
1396 2397 1512 2434 Unius

147 2459 346 2511 praedicato
369 2459 541 2506 privatum
565 2475 630 2497 nec
653 2459 793 2505 πλῆθος
815 2459 943 2499 habere
965 2471 1081 2509 potest
1105 2461 1282 2497 definitam
1306 2462 1387 2498 vim.

240 2523 400 2561 Positum
435 2522 526 2559 enim
563 2530 607 2560 ‘ut
641 2524 800 2568 πλῆθος,
855 2534 895 2560 ut
929 2519 1093 2571 ἄπειρον,
1149 2526 1240 2563 cadit
1272 2523 1343 2572 jam
1378 2525 1415 2559 in
1448 2526 1515 2560 de-

151 2585 360 2629 finitionem,
394 2587 490 2635 quod
528 2586 644 2633 ipsum
669 2585 768 2623 Plato
809 2587 846 2624 in
886 2588 955 2625 hoc
994 2576 1129 2632 dialogo
1161 2589 1242 2625 satis
1272 2587 1407 2625 fortiter
1433 2602 1512 2635 pre-

151 2649 218 2688 mit
246 2649 300 2699 (p.
318 2650 400 2688 160.
424 2648 524 2693 162.)
557 2650 675 2699 Ιἔστιν
706 2644 793 2699 ἄρα,
826 2647 870 2692 ὥς
903 2654 1008 2696 ἔοικε,
1039 2648 1080 2686 τὸ
1112 2651 1153 2686 ἓν
1185 2645 1259 2687 οὔκ
1283 2646 1346 2688 ὅν.
1392 2652 1516 2701 Neque

154 2714 246 2750 enim
278 2715 490 2762 negligenda¹
512 2725 614 2760 sunt,
653 2727 740 2764 quae
767 2729 823 2753 res
854 2716 930 2765 ipsa
961 2726 1147 2762 monstrat:
1177 2714 1259 2753 licet
1285 2726 1372 2756 non!
1394 2717 1521 2755 diserte
