1648 2971
682 239 740 250 .-
800 218 971 262 Π...

204 363 207 365 ,
261 326 438 386 Deinde
465 334 622 382 autem,
650 334 699 371 ut
725 341 781 371 ex
808 327 894 372 hoc
920 327 1024 373 loco
1051 325 1200 385 colligi
1227 332 1382 385 potest,
1410 325 1502 371 dia-

147 403 299 463 logum
314 404 615 448 Theaetetum
610 409 724 463 post
741 403 1036 449 Parmenidem
1066 404 1286 463 scriptum
1301 416 1416 455 esse;
1443 403 1504 447 ita

149 482 274 524 etiam
304 481 468 538 majus
464 480 580 524 huic
607 479 795 539 dialogo,
827 494 955 539 quam
983 481 1048 525 illi
1075 486 1340 525 momentum
1371 478 1506 522 tribu-

147 555 308 600 endum
339 570 435 599 esse
463 562 654 615 appare&

260 660 310 704 Id
340 641 585 711 continetur
606 659 723 703 hisce
743 659 917 704 verbiss
939 657 1176 717 φοβοῦμαι
1205 646 1284 703 οὖν
1310 654 1374 716 μὴ
1405 646 1508 702 οὔτε

145 732 203 779 τὰ
231 723 446 794 affluam
476 734 707 794 ξυνιῶμεν,
743 736 786 779 τί
818 749 865 779 τε
894 730 1212 791 διανοούμενος
1241 730 1349 786 εἶπε,
1389 725 1506 779 πολὺ

144 813 276 854 πλέον
314 809 586 868 λειπῶμεθα.
649 812 782 853 Hisce
813 810 964 853 verbis
1001 810 1286 868 significatur,
1323 811 1369 852 in
1404 799 1508 852 Par-

142 886 315 931 menide
342 888 550 932 rationem
588 885 856 932 dialecticam
893 885 1030 931 multo
1069 887 1313 945 graviorem
1344 892 1386 930 et
1415 884 1507 944 ple·

144 964 311 1005 niorem
343 978 462 1015 esse,
493 977 622 1020 quam
650 965 696 1005 in
726 962 964 1005 Theaeteto
993 962 1112 1004 illam
1141 964 1312 1018 juvenis
1340 959 1506 1014 ,,ὠὸῖνα

143 1037 220 1081 καὶ
249 1038 490 1094 μαίευσιν”.
547 1036 641 1080 Illic
670 1044 857 1095 systema
886 1035 1107 1095 quoddam
1139 1036 1408 1080 dialecticum
1437 1050 1507 1081 ex-

143 1115 338 1170 ponitur3
374 1114 446 1155 hic
474 1114 614 1170 agitur
649 1111 706 1155 de
741 1111 1020 1155 adolescente
1049 1111 1334 1155 examinando
1365 1110 1508 1169 deque

146 1176 390 1233 erudiendo
433 1189 525 1232 eius
559 1188 754 1245 ingenio,
790 1188 850 1231 ita
889 1194 936 1231 ut
972 1187 1154 1232 ducatur
1191 1203 1216 1232 e
1252 1186 1384 1231 rebus
1425 1201 1508 1231 no-

146 1265 201 1307 tis
231 1279 310 1321 per
345 1263 506 1321 gradus
536 1260 805 1316 αὶσθήσεως,
840 1260 973 1317 δόξης
1009 1261 1236 1318 ἀληθοῦς,
1272 1260 1362 1321 μετ’
1401 1260 1506 1316 ἀλη-

143 1338 262 1390 θοῦς
290 1335 421 1392 δόξης
448 1335 587 1396 λόγου
616 1341 995 1396 προσγιγνομένου
1025 1354 1165 1397 usque
1196 1339 1252 1384 ad
1282 1340 1504 1383 scientiam

141 1416 300 1471 ipsam,
338 1413 428 1456 illic
468 1412 673 1458 omnibus
712 1428 763 1456 ex
800 1412 997 1471 partibus
1034 1414 1292 1473 descriptam
1330 1420 1373 1458 et
1408 1428 1507 1474 per-

143 1495 385 1532 scrutatam,

259 1587 539 1632 Parmenides
576 1602 683 1632 vero
727 1592 775 1631 ut
819 1586 1104 1645 sequentibus
1152 1588 1333 1647 dialogis
1379 1589 1505 1647 quasi

141 1662 467 1707 fundamentum
506 1669 588 1716 est,
636 1664 697 1705 ita
738 1668 780 1705 et
816 1662 1073 1720 Protagoras
1115 1665 1265 1721 priore
1308 1671 1505 1722 tempore

142 1739 329 1795 scriptus
367 1737 423 1781 ad
460 1752 557 1782 eum
595 1736 884 1782 conferendus
925 1745 1009 1790 est,
1056 1737 1168 1783 adeo
1206 1747 1253 1782 ut
1287 1739 1507 1783 Parmeni-

143 1812 223 1854 des
253 1819 456 1870 tanquam
495 1812 644 1870 regula
678 1826 826 1855 rerum
863 1814 908 1856 in
940 1813 1178 1871 Protagora
1216 1817 1505 1874 expositarum

143 1887 366 1932 dialectica
409 1891 623 1933 nominari
665 1891 816 1948 possit.
890 1890 1002 1933 Nam
1045 1905 1137 1933 non
1183 1891 1360 1934 dixerim
1407 1906 1503 1934 cum

143 1963 536 2010 Schleiermachero
579 1966 624 2008 in
662 1965 901 2023 Protagora
944 1965 989 2008 id
1027 1965 1250 2024 explicari,
1300 1964 1420 2024 quod
1457 1967 1505 2009 in

142 2040 398 2083 Parmenide
429 2044 633 2085 omissum
664 2043 727 2092 sit,
757 2057 854 2084 cum
885 2042 1158 2086 Parmenides
1187 2045 1362 2086 minime
1392 2043 1506 2101 phy-

143 2118 231 2158 sica
268 2121 450 2168 tantum,
494 2115 571 2157 sed
616 2130 753 2174 aeque
794 2117 972 2174 physica
1017 2124 1147 2175 atque
1194 2117 1330 2160 ethica
1369 2119 1506 2160 conti-

142 2206 247 2234 nere
289 2191 391 2234 mihi
435 2190 654 2234 videatur:
700 2194 862 2251 quippe
908 2194 983 2251 qui
1032 2192 1254 2236 dialectica
1302 2193 1505 2251 disquisi-

144 2268 206 2308 tio
245 2266 299 2309 de
335 2281 447 2310 nexu
485 2268 725 2327 specierum
766 2268 958 2327 ideoque
1003 2268 1191 2327 logicum
1235 2267 1506 2326 intelligendi

142 2341 466 2386 fundamentum
509 2344 587 2396 sit,
637 2356 688 2387 ex
730 2359 821 2403 quo
866 2361 994 2404 quam
1038 2346 1262 2388 verissime
1310 2346 1506 2389 oriantur

146 2431 305 2462 omnia.

259 2516 550 2560 perscrutatio
593 2518 797 2575 propria,
844 2519 890 2561 in
933 2519 1144 2577 cujusque
1193 2523 1335 2561 mente
1384 2519 1504 2575 cogi-

140 2591 260 2633 tandi
304 2592 508 2650 genitrix,
553 2595 600 2638 in
639 2594 891 2637 parmenide
936 2596 1155 2654 exposita,
1198 2602 1245 2638 ut
1291 2596 1504 2652 optimum

141 2665 348 2710 auxilium
386 2675 451 2711 est
488 2668 770 2727 perveniendi
806 2671 863 2714 ad
900 2685 992 2714 rem
1027 2672 1183 2730 ipsam,
1227 2671 1315 2714 imo
1352 2677 1401 2714 ut
1440 2676 1508 2714 est
