1648 2971
685 175 978 218 —66-

154 283 288 343 φύσει
311 283 430 342 p.26
446 282 488 327 d.
522 306 575 317 —-
606 290 672 327 est
702 290 745 328 et
773 292 917 330 manet
946 299 1128 343 prorsus
1158 284 1343 331 liberum
1375 290 1431 334 ab
1464 305 1518 335 eo

151 360 274 419 quod
305 357 542 418 συγκράσει
573 358 902 404 determinatum
933 361 1347 413 erat‚÷niultitudine
1378 364 1519 409 deter-

149 438 330 486 minata;
366 440 572 492 extraque
607 435 736 479 huius
773 437 884 480 fines
922 438 1141 493 propriam
1173 451 1382 495 suamque
1412 444 1519 484 exsi-

146 512 345 556 stentiam
383 516 630 563 consa-van
674 518 716 556 et
755 513 818 554 sic
852 525 1031 570 quoque
1054 519 1290 571 quartum,
1330 513 1519 573 συγκρά-

145 601 253 639 σεως
282 585 494 637 et'fectrix,
524 586 655 646 plane
682 602 761 646 per
790 601 839 631 se
868 596 1073 633 constans
1103 588 1286 648 reliquis
1316 603 1408 633 non
1437 589 1521 635 ob-

143 664 325 707 noxium
354 668 432 706 est.

263 737 405 795 Quod
434 739 520 796 jam
551 737 745 790 diximuS‚
775 738 906 782 nimis
937 740 1084 784 stricte
1114 741 1305 798 positum
1336 745 1402 784 est
1432 738 1518 783 ‹tis-

145 814 308 856 crimen
338 814 450 855 inter
478 813 590 855 Esse
612 819 663 855 -et
692 813 834 869 Fieri3
866 821 909 856 et
938 816 1134 871 quamvis
1164 815 1354 857 Eleatica
1384 813 1518 858 stabi-

143 887 242 932 litas
271 885 493 931 nulla1hic
522 885 635 931 adsit
667 886 734 941 (id
766 887 888 945 quod
916 888 1021 934 inde
1048 890 1134 947 jam
1164 896 1365 949 apparet,
1396 889 1518 948 quod

141 965 365 1022 positione
392 962 477 1006 τοῦ
506 958 568 1018 μὴ
601 962 732 1015 ὄντος
762 963 1183 1010 Ρειτηιεηίᾶεῆ,ηῐίο
1215 965 1517 1017 convertitur),

144 1040 344 1098 quamvis
388 1044 532 1082 motus
573 1039 698 1082 etiam
733 1045 781 1083 ut
816 1040 931 1082 vitae
967 1040 1229 1097 principium
1259 1039 1301 1095 ὁἒ)
1340 1038 1518 1084 absolu-

142 1121 322 1170 tumque
343 1112 570 1154 exordium
595 1117 780 1153 statutus
810 1114 857 1153 in
881 1114 976 1168 ipsa
1007 1129 1172 1157 summa
1202 1118 1366 1158 unitate
1395 1131 1518 1174 prae-

141 1203 244 1232 sens
274 1193 494 1246 appareat:
534 1191 720 1229 attamen
756 1185 827 1229 hic
855 1188 951 1244 ipse
982 1194 1125 1234 motus
1156 1185 1201 1232 in
1231 1192 1410 1248 propria
1439 1205 1517 1234 sua

142 1265 308 1306 unitate
338 1262 527 1304 strictius
555 1261 724 1318 figitur,
765 1276 894 1319 quam
924 1267 972 1304 ut
1003 1264 1194 1306 omnium
1224 1263 1396 1306 illarum
1424 1279 1517 1316 nio-2

141 1338 306 1383 uadum
335 1344 525 1395 systema
564 1352 589 1381 e
616 1337 781 1394 vigoris
811 1338 895 1395 ipsi
923 1338 1041 1381 insiti
1071 1346 1225 1382 natura
1267 1339 1514 1394 (inferioris

142 1422 302 1467 motus,
330 1415 534 1458 materiae
563 1413 750 1470 proprii,
782 1428 834 1456 ex
864 1414 1091 1471 oppositu)
1120 1414 1277 1467 evolvi,
1308 1430 1435 1473 quam
1467 1422 1516 1478 ut

141 1506 193 1535 ex
223 1492 319 1548 ejus
349 1490 473 1548 fonte
501 1489 670 1547 species
701 1494 744 1535 et
771 1502 823 1534 ex
852 1502 901 1532 se
930 1494 973 1533 et
1001 1503 1080 1547 per
1110 1503 1158 1533 se
1180 1490 1369 1536 invicem
1394 1491 1514 1548 gigni

139 1567 326 1626 possint.

257 1642 357 1686 Hoc
385 1641 604 1685 recentior
622 1638 849 1700 philophia
870 1637 954 1684 sibi
981 1640 1166 1698 injunxit
1194 1639 1513 1699 praestandum,

142 1723 187 1761 et
213 1731 317 1760 vere
344 1716 518 1760 videtur
545 1718 810 1774 praestitisse
840 1733 864 1760 e
886 1723 1040 1761 nostro
1070 1717 1245 1775 quidem
1276 1717 1512 1775 qualicum-

139 1808 227 1852 que
254 1790 434 1851 judicio.
492 1791 547 1833 In
585 1806 712 1848 quam
749 1808 841 1836 rem
876 1792 1005 1836 altius
1040 1793 1261 1849 inquirere
1297 1798 1345 1835 ut
1379 1792 1511 1848 hujus

138 1868 213 1911 vel
247 1868 427 1911 maxime
465 1871 532 1909 est
567 1865 656 1909 loci
691 1869 749 1909 ita
785 1868 871 1911 hoc
906 1868 1128 1921 negotium
1165 1865 1456 1909 amoliendum
1486 1881 1512 1909 a

136 1942 269 1990 nobis
300 1942 533 1987 videbatur
562 1941 834 1994 verentibus,
871 1955 928 1985 ne
965 1941 1179 1984 sermonis
1215 1941 1397 1999 penuria
1427 1942 1511 1985 cir-

137 2016 375 2073 cumventi,
407 2043 463 2054 —
510 2022 663 2062 eorum
708 2032 821 2076 quae
869 2015 1209 2075 philosophandi
1253 2031 1510 2075 progressus

136 2111 256 2141 nova
284 2095 447 2138 invexit
475 2108 568 2137 non
603 2094 706 2137 satis
737 2094 928 2151 capacis,
956 2115 1016 2125 —
1052 2093 1351 2149 gravissimum
1382 2107 1507 2149 argu-

135 2178 328 2216 mentum
361 2168 545 2226 caligine
571 2170 716 2225 potius
750 2168 1039 2212 obvolvamus
1070 2183 1199 2226 quam
1228 2167 1507 2211 illustremus.

257 2245 500 2292 Constituit
523 2242 700 2301 quidem
721 2243 844 2288 Plato
872 2242 1132 2287 discriminis
1156 2249 1351 2287 naturam
1372 2242 1507 2291 modo

136 2324 373 2368 recentiori
386 2318 695 2380 philosophiae
708 2333 890 2378 prorsus
907 2333 1115 2378 congruo,
1136 2317 1383 2378 quibusque
1399 2332 1506 2362 usus

229 2526 271 2575 ῃ)
297 2528 462 2576 sophista
484 2544 521 2578 p.
543 2528 624 2566 248.
649 2543 679 2566 e.
726 2529 762 2564 τι
783 2528 856 2574 aaz,
876 2527 965 2577 πρὸς
988 2524 1101 2571 Διός,
1123 2523 1168 2569 ὥς
1192 2524 1336 2574 άληθῶς
1359 2510 1504 2573 „tanaim

137 2590 196 2624 καὶ
218 2586 320 2634 ζωὴν,
341 2594 401 2626 καὶ
423 2590 553 2642 ψυχήν,
576 2593 636 2627 καὶ
657 2589 836 2639 φρόνησιν,
858 2585 882 2636 ἦ
902 2592 1031 2639 ῥᾳδίως
1048 2589 1326 2637 πεισθησόμεθα
1347 2590 1395 2635 τῷ
1416 2601 1502 2625 παν·

137 2652 239 2692 ῖὲλῶς
259 2648 336 2688 ὄντι
356 2652 409 2702 pm}
431 2655 617 2705 augustuni,-
644 2656 736 2703 μηδὲ
760 2653 819 2704 ζῇν
842 2650 946 2698 αὐτὸ,
968 2654 1057 2701 μηδὲ
1083 2659 1243 2703 φρονεῖν,
1272 2649 1379 2689 ἀλλὰ
1403 2665 1502 2699 σεμ-

140 2711 221 2749 νόν
252 2718 324 2750 καὶ
355 2717 485 2764 ἅγὶον
514 2718 619 2755 νοῦν
643 2713 722 2755 οὔκ
755 2721 859 2763 ἕχον
889 2714 1100 2764 ἀκίνητον
1134 2714 1263 2757 ἱστὸς
1292 2716 1435 2756 εἶναὶ,-
