1648 2971
658 154 952 201 ...33-

121 267 208 315 tior
236 272 281 312 et
307 265 490 312 interior
515 263 762 315 intellectus
790 268 963 328 positus
993 272 1059 325 est
1092 267 1142 313 in
1177 265 1334 327 ἀτόπῳ
1369 276 1484 318 tran-

118 344 218 399 situ,
247 356 383 403 quem
411 344 536 388 tertia
565 343 698 388 series
728 344 930 390 ostendit.

234 420 393 465 Totius
422 417 587 477 dialogi
615 425 842 474 structura,
872 417 1060 464 aedificii
1086 420 1223 465 instar
1251 419 1488 468 artificiose

118 496 335 551 instituta,
369 508 468 539 cum
497 495 596 553 ipsa
623 497 851 541 notionum
879 502 1037 541 natura
1061 503 1276 556 congruat
1304 510 1488 541 necesse

119 578 200 617 est.
258 571 323 615 Ut
359 571 476 615 enim
503 570 569 625 id,
603 572 724 630 quod
752 566 811 616 τὰ
842 569 958 616 ἄλλα
986 579 1187 627 vocatur,
1221 578 1377 616 natura
1405 587 1487 617 sua

117 649 167 692 in
195 644 465 691 discretione
494 655 709 702 versatur,
744 648 809 691 sic
845 649 980 694 totius
1019 638 1249 710 dispositio
1283 647 1487 708 postulat,

116 729 165 767 ut
206 724 406 782 proxime
449 721 691 769 collocetur
726 724 767 768 ei
808 726 941 784 parti,
988 737 1104 783 quae
1146 726 1373 773 transitum
1416 739 1488 769 ex-

114 800 257 858 ponit.

228 872 299 927 Id,
334 871 458 933 quod
493 875 720 934 proprium
758 883 801 922 et
836 875 1058 936 peculiare
1092 882 1160 920 est
1192 875 1365 920 notioni
1399 872 1489 920 τῶν

114 945 262 993 ἄλλων
300 956 369 993 est
401 947 615 1006 πλήθους
648 953 785 996 notio.
846 952 976 1010 Quae
1013 959 1063 996 ut
1096 952 1254 1010 figatur
1289 951 1487 996 Platonis

112 1025 296 1069 maxime
323 1026 526 1077 interest,
554 1042 646 1085 quo
677 1034 900 1086 appareat,
923 1025 981 1072 τὰ
1007 1022 1127 1072 ἄλλα
1154 1028 1238 1073 τοῦ
1265 1014 1362 1081 ἑνὸς
1392 1041 1488 1071 esse

114 1099 169 1144 τὸ
199 1099 403 1154 πλῆθος,
438 1102 486 1144 in
522 1100 646 1158 quod
684 1098 737 1145 τὸ
774 1099 963 1160 ἄπειρον
1000 1102 1138 1147 cadat.
1168 1151 1170 1153 .
1202 1103 1348 1147 Valde
1384 1103 1488 1147 insi-

114 1177 213 1233 gnis
243 1182 309 1219 est
336 1175 464 1220 locus
493 1193 536 1235 p.
560 1176 664 1219 158:
710 1181 805 1228 τοῖς
840 1175 997 1229 ἄλλοις
1032 1175 1089 1235 δὴ
1127 1177 1212 1222 τοῦ
1246 1174 1346 1231 ἑνὸς
1382 1193 1486 1235 συμ-

112 1251 263 1308 βαίνει
288 1253 335 1294 ὲκ
360 1252 443 1308 μὲν
470 1250 568 1294 τοῦ
595 1248 716 1303 ἑνὸς
744 1253 818 1295 καὶ
848 1251 894 1306 ἐξ
923 1251 1090 1295 ἑαυτῶν
1109 1250 1485 1306 κοινωνησάντων,

111 1324 169 1377 ὡς
190 1327 341 1378 ἔοικεν,
369 1323 516 1384 ἕτερόν
543 1343 589 1369 τι
614 1328 858 1384 γίγνεσθαι
886 1331 933 1370 ὲν
963 1330 1147 1379 ἑαυτοῖς,
1180 1324 1208 1371 ὃ
1236 1323 1292 1380 δὴ
1323 1330 1487 1385 πέρας

113 1404 302 1460 παρέσχε
333 1398 447 1459 πρὸς
486 1399 679 1455 ἄλληλα·
734 1399 762 1455 ἡ
806 1401 861 1446 δὲ
907 1399 1091 1447 αὐτῶν
1140 1399 1304 1461 φύσις
1348 1399 1487 1450 καθ’,

112 1475 277 1520 ἑαυτὰ
327 1474 599 1532 ἀπειρίαν.

226 1552 392 1595 Harum
422 1550 606 1594 duarum
635 1552 821 1609 partium
851 1552 933 1607 (D.
964 1556 1005 1595 et
1027 1550 1105 1606 E.)
1133 1549 1190 1594 ad
1219 1550 1394 1595 alteram
1424 1551 1485 1595 al-

111 1633 247 1670 teram
274 1627 448 1679 referri,
487 1640 630 1684 eoque
668 1641 758 1684 quo
795 1641 877 1685 par
906 1632 973 1670 est
1000 1625 1157 1678 modo,
1194 1627 1484 1685 oppositione,

113 1710 293 1748 eatenus
332 1700 468 1746 modo
512 1700 752 1746 notandum
792 1701 1013 1757 duximus,
1064 1708 1276 1762 quatenus
1312 1702 1398 1746 hoc
1437 1702 1484 1745 in

109 1776 327 1831 πλήθους
370 1779 554 1821 notione
598 1776 661 1819 fit.
747 1773 812 1820 To}
857 1777 972 1822 ἄλλα
1016 1785 1117 1821 sunt
1161 1778 1348 1829 πλῆθος
1391 1779 1483 1819 sive

110 1851 280 1903 πάντα,
316 1867 456 1911 neque
484 1867 641 1898 rursus
670 1848 821 1897 πάντα
844 1876 904 1888 -
934 1857 972 1897 εὶ
1000 1855 1048 1896 ἕν
1079 1855 1170 1895 ἐστι
1186 1850 1238 1906 *).

203 2030 239 2075 *)
262 2031 302 2066 Iu
328 2040 475 2066 extrema
499 2030 603 2067 huius
626 2030 736 2077 partis
761 2028 932 2067 sententia
955 2043 996 2065 ex
1019 2027 1215 2065 Heindorfii
1239 2026 1482 2063 emendatione

109 2093 271 2138 legimus:
302 2094 377 2125 καὶ
398 2087 536 2125 τᾶλλα
560 2089 769 2132 ὦσαύτως.
817 2092 898 2138 Qua
917 2107 990 2129 non
1016 2093 1166 2128 admissa
1190 2100 1334 2138 apparet
1356 2104 1481 2135 parum

110 2158 189 2194 dici.
237 2156 288 2193 Ut
317 2155 411 2193 enim
440 2150 487 2190 τὰ
519 2149 608 2189 ἄλλα
639 2166 732 2191 extra
761 2155 881 2192 Unum
904 2171 970 2203 pro
996 2155 1150 2192 auxiliari
1174 2165 1310 2191 tautum
1334 2152 1482 2189 notione

111 2220 269 2267 quamvis
293 2220 486 2258 necessaria
510 2220 582 2260 illa,
607 2220 810 2261 habeamus,
832 2223 928 2267 quod
951 2220 1032 2254 fecit
1045 2219 1380 2254 Schleiermacherus
1405 2218 1482 2263 qui-

110 2287 211 2322 dem:
240 2298 329 2331 quae
352 2294 403 2320 est
425 2293 545 2320 nostra
570 2284 615 2318 de
637 2291 715 2318 toto
741 2282 879 2328 dialogo
903 2282 1083 2328 sententia,
1110 2281 1309 2327 neutiquam
1334 2295 1352 2316 a
1376 2281 1480 2316 nobis

106 2350 294 2394 impetrare
318 2361 515 2393 possumus.
562 2351 645 2382 Non
671 2347 840 2383 auxiliaris
863 2357 1002 2382 tantum
1028 2356 1079 2381 est
1109 2347 1154 2380 ad
1178 2344 1297 2380 Unum
1319 2345 1387 2377 τῶν
1412 2339 1478 2377 ἆλ-

107 2411 176 2445 λων
199 2411 320 2453 noti0,
353 2411 415 2447 sed
440 2411 537 2457 quod
559 2410 747 2456 flagitatur,
778 2412 849 2448 eius
875 2408 1097 2447 contrarium.
1144 2407 1264 2444 Unum
1288 2408 1381 2445 enim
1404 2420 1480 2441 non

108 2486 159 2511 est
187 2475 326 2517 Unum,
359 2474 428 2511 nisi
457 2474 548 2510 adsit
576 2476 675 2511 notio
708 2474 776 2509 τῶν
807 2470 918 2509 ἄλλων
950 2484 984 2510 et
1016 2471 1066 2508 sic
1096 2471 1258 2511 vicissim.
1319 2472 1373 2507 Ne
1402 2471 1480 2518 quis

108 2539 201 2575 euim
231 2539 399 2584 negligat,
428 2532 537 2572 τᾶλλα
567 2552 639 2574 esse
667 2534 708 2572 τὸ
741 2536 894 2582 πλῆθος.
939 2537 1032 2572 Utut
1055 2536 1147 2571 enim
1169 2532 1210 2569 τὸ
1236 2535 1270 2569 ἓν
1294 2535 1479 2581 acceperis,

108 2602 182 2638 sive
203 2601 336 2648 πλήθει
359 2603 582 2651 oppositum,
612 2602 683 2638 sive
705 2602 743 2638 id
768 2601 1067 2650 comprehendens
1100 2610 1134 2636 et
1156 2601 1305 2643 tollens;
1343 2612 1480 2645 semper

105 2666 198 2705 illud
216 2669 312 2714 quod
337 2678 400 2711 est,
421 2667 582 2705 notionis
602 2665 669 2702 τῶν
693 2662 806 2701 ἄλλων
824 2681 891 2715 ope
914 2676 966 2703 est
990 2676 1023 2702 et
1044 2665 1181 2702 ratione
1204 2665 1247 2700 ad
1271 2663 1319 2703 id.
1368 2662 1480 2709 Quod
